4000 6359
1035 236 1047 267 4
1065 243 1068 248 .

239 472 296 529 lum
308 468 408 529 dimne
418 472 527 541 putent,
544 464 634 521 Animo
647 462 717 519 illim
729 463 756 517 in
769 478 799 519 eo
811 470 858 517 est.
870 460 923 517 Seri
940 469 1029 517 tamen

238 543 379 612 Scriptura
397 548 480 603 tacet,
509 536 533 592 si
545 550 649 619 egressa
671 542 713 589 est
733 540 779 587 aut
798 547 905 589 reversa
929 532 1028 588 anima.

239 612 336 668 Ceteri
349 626 411 667 vcro
423 626 471 667 sex
482 617 578 662 moratu
589 648 597 671 ,
609 604 704 675 quibus
717 617 767 658 nec
781 616 896 672 egresse
917 604 1029 669 animae,

242 698 292 737 nee
310 695 426 735 reversae
448 678 612 742 nuntiantur,
631 676 690 731 sine
712 673 765 728 ulla
788 672 833 729 hic
858 673 1030 743 ambiguitate

242 759 369 821 praestant
391 747 462 820 quod
499 746 596 803 mortui
620 746 692 811 suat,
713 752 741 801 et
762 742 850 818 ditius
876 744 1031 814 operatione

240 820 390 877 resuscitati
403 819 464 873 sint.

239 890 353 946 carui
371 887 440 944 xllt.
456 916 492 931 -
505 886 615 941 Decetia
627 886 713 958 eclipsi
736 886 764 941 in
782 886 899 957 pmsione
915 883 1029 940 Domini.

277 961 347 1016 Solis
359 958 473 1015 delectio
479 957 554 1028 juxta
564 971 687 1024 carnem,
710 972 763 1011 non
779 965 808 1009 ut
821 956 905 1024 solet,
924 956 1031 1027 quando

178 1058 191 1077 .
242 1032 304 1089 lttna
316 1030 477 1095 accenditur,
495 1027 562 1083 lacta
573 1038 644 1093 erat;
658 1026 705 1081 serl
720 1024 746 1081 in
759 1026 836 1098 plena
852 1026 931 1095 luna,
959 1028 1032 1083 scili·

243 1110 288 1158 cet
310 1101 401 1172 quinta
423 1099 526 1155 decima
548 1098 591 1153 tlie
610 1096 726 1165 rnensis,
753 1110 872 1153 occasu
894 1106 1032 1167 putaretur

241 1173 333 1236 luisse,
346 1170 417 1241 quod
431 1176 576 1227 evenerat:
591 1176 619 1223 ct
633 1176 734 1223 tantum
754 1166 840 1223 lucem
854 1168 918 1223 solis
943 1168 1030 1223 media

240 1242 285 1297 oie
305 1243 423 1297 tenebrae
437 1241 663 1304 obscuraverunt,
688 1246 717 1293 ut
736 1246 853 1309 pernes
870 1238 929 1293 illas
949 1237 1030 1295 horas

241 1310 408 1437 getetitgonis,
428 1310 511 1367 stellae
532 1310 559 1365 io
576 1308 645 1367 coelo
666 1309 731 1365 tine
750 1308 803 1363 sint
830 1306 919 1381 (Luc.
946 1324 1029 1377 xnus,

239 1382 361 1509 mitit)
373 1451 443 1506 xlv.
457 1480 493 1491 -
505 1450 545 1505 De
571 1449 718 1521 coponius
740 1458 884 1505 sanctornm
909 1451 1030 1505 uenienti-
1066 1507 1069 1524 ¹

224 1567 230 1587 ,
258 1524 304 1579 bns
316 1524 347 1578 de
358 1522 524 1577 monumentis
537 1522 589 1576 snit
604 1529 660 1591 port
671 1522 877 1575 resurrectionem
895 1518 1007 1574 Domini.
1044 1541 1046 1546 ·
1065 1528 1069 1567 ,¹

227 1628 231 1635 ·
277 1594 366 1649 Sancti
378 1600 510 1647 venerunt
522 1591 557 1647 de
582 1590 762 1645 monumentis
785 1592 840 1645 suis
856 1598 914 1661 post
937 1605 1015 1651 resur

239 1665 386 1720 rectionem
398 1661 502 1717 Domini
518 1658 630 1735 (narrt.
642 1660 794 1727 xxvrr,52,
807 1659 859 1729 55)
876 1678 882 1713 :
904 1660 951 1716 sed
967 1677 1015 1715 rur

239 1748 300 1789 sum
315 1734 343 1789 in
354 1740 543 1798 monumenta,
562 1730 695 1801 quomodo
708 1739 735 1785 et
748 1730 782 1785 de
796 1731 886 1802 Moyse
903 1732 1027 1797 memini,

239 1804 441 1869 redintrarunt;
469 1802 512 1857 ubi
527 1800 751 1858 resurrectionem
769 1801 888 1857 omnium
915 1801 1024 1857 novissi·

238 1888 311 1928 mam
326 1881 499 1941 exspectant,
513 1881 542 1927 ut
560 1871 769 1941 Apostolusait:
790 1870 826 1925 lli
852 1886 937 1927 ornnes
961 1871 1030 1927 tecti·

238 1944 325 1999 mortio
335 1943 399 2013 lirici
409 1943 506 2013 probuti
518 1942 613 1996 inuenti
624 1950 696 2007 tunt,
710 1958 759 1997 non
774 1950 922 2013 acceperam
942 1957 1031 2011 repro·

239 2014 383 2069 mistionem
396 2011 476 2068 aDeo
490 2027 536 2083 pre
556 2011 628 2067 nobis
645 2012 733 2067 oretins
758 2011 855 2081 aliquid
875 2012 1029 2083 providente,

237 2083 277 2138 rttt'
287 2101 318 2139 ne
332 2086 386 2139 sine
398 2081 469 2137 nolio
480 2091 714 2137 consummerentur
726 2080 818 2153 (liclr.
843 2098 886 2146 ιι,
901 2082 953 2147 59,
972 2082 1029 2155 to).

238 2152 269 2209 Si
285 2154 365 2225 igitur
381 2154 425 2209 isti
438 2161 465 2207 et
488 2152 592 2223 lloyses
603 2152 643 2207 bis
657 2167 807 2223 resurgere,
831 2152 857 2206 iu
871 2152 921 2209 hac
936 2162 1029 2208 osten·

237 2224 316 2279 sione
334 2224 435 2293 utique,
452 2230 479 2277 et
495 2222 521 2276 in
546 2222 691 2276 novissima
725 2231 881 2278 cunctorum
908 2236 1031 2279 resurre-

236 2294 339 2359 ctione,
350 2292 477 2349 credendi
493 2299 564 2359 sunt,
576 2292 638 2346 dum
650 2292 851 2347 semelmortem
861 2290 1030 2349 sibiinrlitam
1047 2340 1050 2346 .

238 2362 305 2417 Ades
319 2363 416 2418 delicto
431 2361 618 2432 gustaverunt?
631 2360 683 2417 Sed
709 2362 763 2417 hoc
780 2361 850 2416 absit
870 2362 1031 2419 acatholica

239 2430 333 2487 fideut
345 2431 428 2489 semel
442 2431 601 2487 morientem
626 2432 667 2486 bis
680 2431 771 2487 credat
795 2432 855 2503 quis
878 2447 1028 2504 resurgere.

237 2500 294 2556 Nisi
307 2500 378 2558 lortc
391 2503 432 2557 bis
444 2502 511 2555 mori
531 2501 638 2572 lloyseu
653 2508 680 2557 et
692 2502 757 2557 istos
777 2500 872 2572 aliquis
884 2502 963 2560 dicat.
977 2502 1032 2560 seu

236 2586 369 2642 nusquam
385 2570 419 2627 de
429 2572 471 2627 his
481 2570 615 2637 scribitur,
629 2573 673 2641 qut
684 2572 723 2626 sic
736 2581 926 2641 apparuerunt,
942 2588 1030 2630 resur-

672 346 718 407 DE
737 340 1041 405 beneoleriorttous
1056 341 1164 407 thDD
1180 344 1427 409 Pammene.

1085 462 1787 536 eemitnr;ltaetinbissimiliturloresnrreetionis,
1816 485 1872 527 non

1083 536 1140 603 ipsa
1168 538 1328 593 resurreetio
1354 536 1551 595 ostendebatur.
1576 538 1617 594 De
1643 540 1770 595 continua
1799 542 1873 598 enim

1082 614 1169 660 morte
1192 606 1280 662 nullus
1301 607 1336 663 ad
1351 608 1432 663 vitam
1455 607 1708 675 numeramini
1731 612 1872 678 Dominus,

1083 689 1168 745 usque
1181 676 1214 731 atl
1231 676 1405 732 notissimum
1418 676 1490 734 diem
1506 680 1664 745 revertitur;
1688 687 1740 735 eta
1753 694 1817 736 vera
1831 696 1873 739 re-

1081 746 1249 872 {purgtenlsssirone
1262 762 1397 820 nusrquam
1419 749 1446 804 in
1466 760 1581 807 mortem
1606 750 1703 806 iterum
1720 751 1817 823 aliquis
1830 767 1874 810 re·

1082 884 1194 943 CAPUT
1207 887 1264 943 XV.
1280 918 1316 930 -
1333 888 1373 944 De
1389 890 1444 944 cibo
1461 890 1564 946 Domini
1576 899 1633 961 post
1650 892 1872 949 resurrectionem.

1118 957 1289 1015 lluoeautem
1301 961 1434 1031 carnalem
1447 961 1536 1017 cibum
1546 962 1660 1034 qualiter
1668 964 1875 1020 resurrectionis

1082 1042 1145 1083 erro
1163 1030 1327 1111 susceperit,
1342 1029 1414 1086 docti
1432 1032 1582 1101 requirunt,
1602 1032 1666 1088 dum
1689 1041 1874 1090 resurrectura

1082 1112 1323 1224 r..
1364 1101 1877 1245 nr...

1127 1211 1135 1237 r
1641 1212 1649 1227 ·
1699 1214 1708 1239 r
1779 1213 1787 1226 ·
1843 1190 1874 1229 a·

1100 1247 1191 1309 supter
1204 1186 1265 1297 resqn
1296 1187 1468 1312 campora
1481 1258 1534 1297 non
1548 1250 1694 1325 gustatura,
1711 1258 1778 1298 sano
1791 1258 1875 1301 sensu

1079 1252 1199 1435 §genitur
1207 1310 1280 1381 possi
1299 1310 1410 1367 ilitatem
1424 1312 1518 1368 mendi
1535 1312 1621 1379 orbos,
1634 1312 1657 1367 si
1669 1327 1781 1368 necesse
1793 1314 1872 1382 toret,

1117 1378 1213 1437 bitura.
1228 1380 1292 1436 llaec
1302 1378 1350 1437 ltei
1361 1381 1482 1451 exempla
1495 1382 1605 1437 minime
1616 1380 1758 1453 denegant,
1772 1392 1804 1437 ut
1816 1385 1874 1438 An·

1081 1450 1134 1521 gch
1144 1451 1220 1522 juxta
1231 1450 1319 1507 ilicem
1335 1451 1464 1534 ,Mambre
1474 1450 1549 1525 (Gen.
1562 1468 1639 1517 mur,
1654 1453 1683 1520 8,
1696 1451 1808 1535 9).·Sed
1823 1454 1875 1535 hoc

1081 1534 1135 1575 non
1156 1530 1187 1576 ut
1206 1536 1254 1577 nos
1274 1529 1420 1578 rnmtnmos
1441 1522 1515 1579 erbos
1533 1521 1672 1578 stentaeho
1687 1533 1717 1579 et
1730 1524 1875 1580 'mteeunis

1079 1590 1222 1647 conterunt
1232 1634 1240 1660 ,
1251 1591 1299 1647 sed
1312 1592 1401 1647 statim
1411 1602 1441 1650 ut
1452 1598 1577 1662 accepta,
1589 1592 1662 1648 velut
1675 1592 1810 1660 rideantur,
1823 1593 1874 1649 tle-

1080 1662 1428 1787 &amministrum
1446 1671 1584 1732 naturam,
1602 1678 1657 1719 uon
1669 1678 1703 1720 ex
1716 1674 1811 1734 parte,
1825 1664 1874 1720 sert

1133 1800 1246 1858 CAPUT
1264 1802 1335 1857 itti.
1353 1831 1390 1843 -
1405 1800 1501 1857 Petrus
1514 1802 1682 1875 purotpticnm
1699 1804 1820 1859 restitutit.

1115 1869 1307 1927 convenientia
1328 1871 1363 1928 tle
1381 1872 1480 1943 Spiritu
1498 1882 1592 1928 sancto
1605 1874 1632 1928 in
1652 1873 1776 1929 columba
1792 1888 1875 1944 super

1081 1938 1229 2010 Christum,
1242 1950 1270 1998 et
1281 1943 1309 1997 in
1324 1942 1384 2013 igne
1396 1957 1477 2025 super
1488 1943 1631 2013 Apostolos
1640 1944 1787 2014 perscripta
1797 1953 1872 2010 sunt,

1081 2012 1227 2138 illiti
1241 2010 1402 2138 ‘'iffil
1414 2012 1600 2139 trattati
1618 2014 1875 2139 ...Ν

1669 2101 1678 2137 ι
1737 2124 1747 2149 ,
1863 2114 1877 2127 -

1082 2153 1185 2208 satione
1194 2097 1427 2224 etfflnosynaeei‘)
1413 2098 1576 2223 paupertitis
1586 2153 1877 2225 professione,quanno

1082 2220 1178 2277 Petrus
1189 2223 1335 2305 paralytico
1348 2222 1430 2291 (lixit,
1445 2224 1530 2295 Surge
1541 2231 1565 2277 et
1575 2222 1680 2278 embolo
1706 2224 1763 2277 Act.
1778 2239 1820 2292 ru,
1834 2225 1875 2293 6),

1082 2292 1200 2362 llagistrr
1214 2302 1376 2363 praeoeptum
1394 2308 1506 2350 servans
1527 2312 1533 2349 :
1554 2291 1641 2348 Nolite
1659 2294 1693 2348 lto
1709 2309 1751 2349 ere
1768 2309 1876 2357 aarum

1082 2378 1163 2433 neque
1176 2373 1308 2434 arpennum
1321 2362 1427 2434 (llotth
1441 2380 1474 2429 x,
1485 2362 1527 2434 9),
1542 2363 1605 2431 (lum
1621 2364 1671 2419 soli
1684 2363 1741 2418 lieo
1755 2363 1878 2419 servieus

1082 2431 1117 2488 de
1128 2433 1221 2502 iniquo
1239 2448 1390 2489 mammona
1404 2433 1543 2503 expeditus
1554 2434 1659 2501 luerat,
1673 2434 1758 2490 uerbo
1770 2433 1878 2503 imperii

1083 2502 1178 2559 morbo
1191 2504 1300 2575 ligatum
1314 2505 1367 2559 cito
1379 2505 1509 2561 solvebat.

1241 2572 1355 2629 carot
1373 2573 1455 2629 xiil.
1471 2604 1506 2615 -
1523 2570 1610 2628 Virtus
1623 2570 1707 2627 Petri.

237 2642 341 2697 rexisse
352 2658 360 2708 ;
374 2641 421 2696 sed
434 2650 480 2695 aut
493 2641 593 2705 uisere,
608 2650 654 2695 aut
664 2644 829 2710 apparuisse,
844 2643 886 2697 vel
897 2642 930 2697 de
941 2643 1031 2713 sepul·
1118 2643 1188 2699 Eece
1198 2652 1296 2714 quanta
1309 2644 1504 2714 estapostoliea
1515 2647 1599 2699 virtus
1610 2643 1638 2698 in
1650 2641 1879 2722 cartemianum

236 2711 291 2765 cris
304 2713 401 2767 exisse.
417 2711 519 2767 Nomen
549 2719 636 2766 autem
652 2712 855 2767 resurrectionis
870 2713 896 2766 in
912 2713 960 2778 iis,
985 2714 1032 2783 qui
1082 2714 1213 2768 Ananiam
1224 2713 1287 2769 dum
1300 2712 1422 2771 Petrusa
1456 2717 1495 2770 uit
1504 2730 1552 2785 per
1564 2713 1696 2769 sermonis
1709 2722 1815 2769 tanturn
1828 2716 1879 2771 im·

236 2789 420 2851 postmortem
436 2782 462 2837 in
474 2781 526 2837 rita
542 2780 592 2837 hae
606 2780 754 2837 conversati
767 2792 845 2849 sont,
863 2790 908 2837 aut
928 2784 954 2836 in
975 2782 1031 2837 Do·
1082 2784 1196 2853 perium,
1217 2792 1304 2840 morte
1326 2730 1506 2856 ligarit‘inct.
1528 2800 1555 2851 u,
1577 2785 1604 2849 t,
1623 2782 1667 2866 5)·;
1689 2792 1716 2839 et
1735 2783 1880 2841 'labitham

236 2851 304 2907 mini
327 2852 429 2913 solius,
457 2860 502 2907 aut
529 2852 556 2907 in
582 2852 668 2905 lutura
687 2854 807 2907 omnium
837 2853 1031 2909 resurreetione
1082 2854 1177 2907 mortis
1193 2853 1301 2909 uinculo
1316 2854 1433 3049 'Tum’
1445 2854 1540 2911 eadem
1558 2856 1663 2923 imperit
1675 2863 1810 2923 potestate
1822 2856 1878 2912 ‹lis-

274 2922 354 2977 nitur.
371 2921 443 2977 Talis
452 2914 541 2977 auiam
552 2921 683 2991 apparitio
695 2922 806 2978 istorum
818 2962 827 2989 ,
842 2923 934 2977 necao
948 2924 1030 2979 vitam
1083 2922 1163 2977 solvit
1175 2922 1230 2994 (lat.
1243 2940 1290 2992 rx,
1304 2923 1340 2979 to
1355 2964 1362 2978 .
1379 2923 1494 2995 ideoque
1506 2924 1581 2995 prius
1592 2924 1710 2979 Ananim
1722 2933 1751 2980 et
1763 2924 1881 2995 saphira

259 3007 392 3059 umanam,
408 3006 492 3063 neque
502 2990 536 3047 ad
545 2992 767 3048 resurrectionem
781 2992 896 3048 loturam
904 2992 1028 3064 pertinen
1085 2994 1113 3049 in
1125 3002 1270 3063 conspeetu
1283 2994 1338 3049 Ecc
1347 2995 1411 3050 esiae
1423 2995 1477 3051 cito
1489 2994 1586 3051 mortui
1598 3002 1671 3061 sunt,
1688 3003 1717 3049 ut
1728 2996 1880 3065 apostolica

236 3055 286 3117 setl
299 3061 333 3117 ad
344 3062 572 3117 confirmationem
596 3060 736 3117 dominicae
756 3064 975 3127 resurrectionis,
1001 3074 1029 3118 et
1085 3064 1229 3119 auctoritas
1247 3073 1345 3134 quanta
1367 3073 1439 3121 essct
1458 3065 1659 3131 ostenderetur;
1674 3073 1702 3120 et
1721 3080 1804 3135 quam
1821 3081 1882 3121 ma·

237 3130 272 3187 etl
284 3131 469 3187 eredulitatem
481 3132 686 3187 resurrectionis
700 3133 849 3188 arrimarnm
873 3148 906 3188 ex
924 3133 1028 3199 inieris,
1085 3149 1167 3257 ἓηιιιιι
1188 3142 1326 3203 peecatum
1349 3143 1440 3204 esset,
1455 3136 1527 3203 quoe
1546 3134 1664 3191 oblatum
1678 3143 1721 3190 est
1732 3136 1834 3191 iterum
1847 3136 1882 3196 ab

236 3200 300 3257 talis
323 3201 455 3272 apparitio
475 3202 579 3256 artimus
603 3209 701 3257 moret.
720 3202 794 3259 Sicut
807 3204 838 3271 ¹iu
861 3203 1026 3258 resuscitatis
1109 3202 1206 3259 eclesia
1219 3203 1372 3272 retrahere,
1385 3214 1598 3274 morannum,
1613 3214 1641 3262 et
1651 3206 1743 3261 caeteri
1755 3206 1883 3279 exemplo

237 3272 351 3328 mortuis
364 3271 509 3328 shnilitudo
519 3278 637 3341 tantum,
664 3286 717 3329 non
740 3288 813 3329 murs
827 3274 953 3331 emrtinm
967 3274 1028 3328 hers
1088 3272 1168 3343 hujus
1181 3274 1384 3346 castigarentur.

777 3473 1312 3589 contemno

801 3672 855 3735 DE
879 3658 1075 3749 sueonum
1099 3669 1309 3737 OEUSCULO.

1000 3820 1130 3875 ΘΟΕ*

272 3946 332 4003 lion
345 3944 506 4018 Augustini,
519 3940 567 3999 sed
583 3941 689 3998 alcuini
704 3948 746 3997 est
759 3939 854 3997 isthec
865 3940 900 3997 de
915 3940 1147 3997 Benedictionibus
1160 3938 1243 3997 laceb
1257 3938 1415 4011 patriarche
1427 3940 1540 4011 questio
1553 3937 1740 4010 expositioque
1755 3937 1883 3997 historica

238 4035 425 4107 etabegortca,
439 4035 565 4105 decerpta
579 4032 704 4089 nimirum
719 4047 752 4087 ex
772 4031 856 4101 ipsius
870 4030 938 4088 libro
951 4030 1134 4100 Quaestionum
1149 4031 1177 4086 in
1191 4030 1327 4087 Genesim.
1341 4031 1499 4102 Quanquam
1510 4032 1592 4087 etiam
1605 4030 1676 4101 apori
1688 4030 1883 4103 Hieronymum

237 4127 289 4185 sub
299 4125 394 4181 lisdem
409 4139 440 4179 ae
455 4124 564 4187 totidem
578 4122 635 4180 lere
649 4122 737 4178 verbis
749 4123 777 4177 in
790 4124 937 4193 opusculo,
952 4122 1023 4193 quod
1038 4124 1102 4181 item
1114 4124 1298 4191 Quaestionum
1318 4126 1344 4179 in
1357 4123 1484 4181 Genesim
1498 4125 1670 4191 inscribitur,
1685 4126 1883 4196 expositionem

238 4216 356 4293 priorem
369 4216 502 4285 reperias;
516 4214 671 4287 posterioris
685 4226 750 4269 rere
761 4214 934 4284 expositionis
949 4226 1052 4283 partem
1064 4223 1227 4286 postremam
1243 4215 1314 4287 aputl
1328 4215 1488 4287 Gregoriunr
1501 4216 1529 4271 in
1542 4216 1617 4272 libris
1630 4216 1768 4273 lloralium
1781 4218 1810 4273 in
1818 4218 1881 4274 tob.

237 4310 297 4367 lmo
309 4318 422 4379 utraque
432 4323 465 4363 er
477 4309 591 4378 integro,
607 4302 655 4361 setl
670 4304 765 4362 ordine
779 4305 900 4360 nonnihil
912 4304 1034 4373 diverso,
1049 4312 1129 4377 atque
1141 4307 1240 4377 aliquot
1252 4306 1410 4377 permutatis
1421 4304 1542 4372 vocibus,
1555 4306 1668 4362 babetur
1679 4306 1706 4363 iu
1718 4308 1800 4363 tertio
1813 4306 1883 4363 libro

239 4400 497 4459 Commentariomm
522 4398 548 4454 in
568 4396 706 4467 Genesim,
723 4398 771 4469 qui
790 4396 923 4453 Eucherio
943 4397 1115 4469 Lugdunensi
1137 4398 1228 4454 tributi
1253 4397 1317 4455 olim
1339 4397 1406 4455 lano
1430 4398 1514 4465 luere,
1530 4396 1646 4469 elinque
1662 4396 1690 4452 in
1713 4396 1882 4455 bibliotheca

238 4492 360 4553 Petrum.
1001 4494 1006 4503 '

244 4629 1875 4685 Ἣ

513 4768 650 4911 DE
703 4768 896 4911 BEN
901 4762 1616 4912 EDICTIONIBUS

844 4991 966 5056 JACOB
991 4988 1271 5053 clamantium.

947 5132 1134 5186 m

274 5270 343 5342 Quiri
356 5266 557 5338 intelligendum
571 5274 613 5321 est
631 5265 665 5320 de
679 5262 918 5330 benedictionibus,
934 5262 1030 5333 quibus
1082 5260 1200 5318 visiones
1220 5258 1370 5317 linteata
1390 5266 1468 5316 erant
1485 5258 1627 5331 nepotibus
1644 5272 1754 5328 eorum:
1767 5270 1796 5318 et
1809 5264 1885 5320 alle-

238 5344 321 5401 larob
334 5339 484 5412 patriarcha
500 5336 635 5393 benedixit
656 5334 724 5390 lilios
744 5335 823 5389 suos?
843 5336 883 5389 hu
904 5334 1030 5389 historice
1081 5334 1184 5404 goriam
1196 5330 1231 5386 (le
1250 5330 1358 5387 Christo
1369 5339 1398 5386 et
1410 5330 1445 5387 tle
1457 5330 1576 5387 Ecclesia
1596 5330 1624 5385 in
1640 5332 1795 5388 novissimis
1807 5341 1885 5392 mm-

239 5418 280 5470 vel
294 5412 436 5479 allegorice
449 5408 625 5479 intelligendae
638 5406 708 5475 sint,
721 5405 784 5460 drun
797 5405 870 5469 dicit,
883 5403 1029 5476 Congrege-
1082 5401 1193 5474 poribus
1212 5400 1311 5458 lutura.
1329 5401 1384 5483 Sed
1401 5402 1475 5526 pnes
1495 5399 1614 5457 historiae
1634 5400 1807 5487 lundamenta
1827 5421 1884 5475 po-

240 5485 312 5549 ntini,
335 5482 382 5553 ptri
398 5478 487 5544 lorch,
497 5490 523 5532 ut
550 5477 696 5531 annuntiem
708 5476 776 5531 nobis
788 5490 843 5545 quos
855 5483 1031 5529 centemnunt
1082 5472 1171 5529 nenos
1180 5480 1251 5540 sunt,
1258 5481 1287 5528 ut
1296 5480 1403 5543 apttusa
1423 5472 1522 5544 egone
1528 5471 1725 5543 oulmenprrcrt
1735 5484 1885 5532 sunctum

239 5560 248 5587 κ·
283 5552 421 5606 ·=..·ne·nut
441 5551 526 5605 ninom
541 5548 617 5619 (Gen.
637 5562 699 5601 xerx
711 5588 719 5613 ,
732 5544 760 5617 ἱ)
779 5566 784 5599 ;
801 5546 864 5601 etsi
880 5544 1030 5599 rideturex
1083 5553 1291 5614 superponatur.

241 5662 257 5678 ..
347 5630 349 5635 “
377 5638 482 5691 megs
501 5620 654 5690 allegoriam
670 5633 764 5671 serrare
777 5632 856 5687 quarn
872 5614 1030 5670 instoriam?
1118 5614 1207 5670 Duben
1261 5615 1408 5685 'moneretur
1426 5622 1556 5681 mettt,trt
1575 5615 1698 5686 fortitudo
1711 5616 1885 5686 tneo,pr·isr-

240 5696 323 5763 hesp.
341 5694 435 5751 Utruur
456 5708 489 5746 ue
510 5706 585 5756 vero,
599 5699 626 5745 et
648 5688 785 5743 historiam
805 5694 833 5742 et
852 5686 1028 5759 allegoriam:
1082 5685 1178 5755 epten
1191 5686 1225 5741 rto
1251 5686 1348 5740 menei
1367 5684 1603 5755 spasmeam,
1619 5686 1743 5757 meinric
1756 5685 1886 5757 imperis.
1915 5699 1921 5711 ·

240 5764 380 5823 historiam
394 5763 428 5819 tle
437 5709 571 5819 iitisione
583 5768 663 5819 terrae
673 5754 906 5828 manumissionis,
919 5771 978 5829 que
986 5758 1029 5815 oi-
1082 5753 1188 5825 Effusas
1202 5770 1228 5812 et
1240 5758 1305 5813 ticet
1318 5770 1404 5828 oque,
1416 5770 1468 5811 non
1479 5768 1596 5823 crescas,⁸
1607 5755 1669 5825 quic
1681 5756 1816 5815 memini
1825 5772 1888 5812 crr-
