4000 6359
704 248 908 310 maculatis
925 251 969 309 tt.
989 251 1103 317 cuttu
1119 256 1142 318 l.
1664 277 1732 339 lllll

93 356 154 398 uem
173 338 294 399 ioannes
316 346 386 395 etat.
406 336 484 397 llodo
500 339 617 397 loannes
634 351 682 412 per
701 344 889 415 proprietatem
943 356 997 402 tum
1005 346 1124 408 eloratus
1133 358 1327 427 est3quoniam
1337 361 1382 433 pul
1394 378 1424 420 te
1435 362 1564 435 humiliat,
1573 366 1731 431 exaltabitur

93 435 219 496 loannes,
233 446 284 503 per
296 426 500 490 similitudinem
514 433 586 489 Elias
599 434 667 490 αι’.
686 434 773 490 Ambo
787 449 889 505 praeeo·
944 436 1019 510 (tue.
1034 448 1089 509 trr,
1112 442 1166 517 ll).
1182 445 1260 505 Unde
1271 448 1352 508 dehet
1370 454 1460 513 ridere
1476 456 1610 516 sanctum
1624 474 1728 532 restra,

92 542 140 583 nes
151 525 203 581 sibi
214 524 348 581 dederunt
358 523 545 581 similitudines
557 539 629 593 suas,
640 534 667 582 et
678 534 819 582 tenuerunt
829 540 890 597 pro·
941 528 1002 596 quia
1016 529 1038 583 si
1047 528 1164 589 loannes
1174 535 1214 592 sic
1224 552 1255 593 se
1265 537 1423 613 humiliavit,
1436 553 1465 600 nt
1476 546 1588 616 diceret,
1602 548 1731 609 Nonum

91 618 220 689 prietates
233 629 298 669 suas
316 632 323 669 r
343 630 413 670 unus
426 624 513 671 autem
528 614 758 689 bomiuusp'udet,
772 618 829 673 site
843 617 889 673 illo
940 634 986 690 epo
1007 620 1100 692 diptota
1117 627 1253 699 cuempiam
1271 632 1386 703 scirem
1405 640 1540 708 quomodo
1560 642 1659 700 labent
1677 644 1731 701 ltu·

92 721 215 781 precone
225 704 406 777 praecedente,
422 705 478 762 sire
489 707 545 762 illo.
940 709 1047 777 mutim,
1062 715 1107 784 qui
1120 715 1211 775 picum
1223 736 1230 773 :
1244 721 1299 779 No,
1308 724 1482 797 mmmmm,
1494 746 1545 788 m
1555 734 1626 806 quod
1635 736 1731 795 danus
1803 766 1806 771 Ι

125 802 150 857 l.
165 798 199 855 Et
213 800 436 871 iuterropouerunt
448 812 520 853 euru:
538 796 605 865 Quid
617 798 694 871 erpo?
706 796 778 855 Elim
801 813 828 853 ea
841 798 889 853 tul
940 811 1059 860 nostmm
1071 815 1129 874 est,
1143 816 1171 865 ct
1187 814 1258 883 quod
1271 826 1391 874 nostrum
1401 829 1459 889 est,
1477 832 1598 882 sanctum
1615 837 1667 885 usu.
1682 829 1731 887 ηις,

91 890 200 949 mutet
211 908 222 947 :
235 890 308 946 Non.
327 886 361 945 Et
374 891 492 945 dixerunt
505 890 545 945 ei:
558 890 687 962 Propheta
698 906 725 946 ea
738 891 790 945 tui
804 890 837 947 tu
848 908 889 947 rr·
939 890 1014 962 dicit,
1033 896 1091 952 Non
1108 914 1169 969 ego,
1184 902 1233 959 sed
1253 906 1298 964 ille
1312 924 1320 961 t
1335 909 1374 965 itti
1392 910 1500 984 (licum,
1517 915 1572 973 ltus
1588 918 1655 994 (ιι),
1670 920 1730 979 Non

89 984 214 1057 spondit?
229 982 304 1039 Non.
323 982 447 1037 Diserum
456 983 567 1055 erpoei:
580 980 887 1053 Quisermiutrespou·
939 992 981 1039 est
1004 986 1100 1057 dignus
1120 989 1238 1051 loannes
1260 998 1366 1056 solrere
1386 1004 1527 1083 corripiam
1554 1010 1729 1071 calceamenti

88 1077 244 1133 nudemus
256 1074 297 1129 liis
315 1075 359 1145 qui
373 1074 492 1129 miseruut
511 1088 566 1128 nor.
583 1071 650 1139 Quid
663 1072 726 1127 diris
745 1070 777 1127 de
788 1072 887 1143 tdpaoi
938 1075 995 1145 ejus
1007 1093 1015 1131 :
1027 1078 1100 1148 quod
1112 1081 1137 1137 sl
1149 1082 1256 1154 dignum
1271 1102 1301 1144 se
1314 1087 1425 1160 diceret,
1438 1111 1517 1167 quam
1527 1098 1633 1157 humilis
1644 1103 1728 1161 essert

89 1170 147 1225 Ait:
165 1167 226 1241 Epo
242 1182 295 1222 oca
312 1167 445 1221 clrnmutit
462 1166 489 1219 in
503 1164 609 1219 deserto.
630 1164 712 1220 isaias
736 1163 800 1220 illud
819 1164 887 1221 dixit
938 1166 971 1223 Et
985 1169 1008 1225 si
1020 1170 1169 1241 dignumse
1179 1175 1291 1247 diceret,
1306 1182 1380 1239 etsie
1390 1184 1502 1257 diceret,
1517 1188 1565 1247 llle
1577 1192 1650 1248 veuit
1663 1204 1727 1266 post

89 1258 164 1331 (lau,
178 1275 235 1323 su,
251 1258 283 1329 5)
305 1256 334 1312 lu
354 1256 457 1312 luutrne
476 1254 615 1327 prophetia
632 1256 680 1311 ista
695 1255 802 1324 impleta
824 1264 884 1323 est,
937 1272 991 1327 me,
1005 1263 1049 1331 oui
1060 1273 1123 1320 ante
1135 1281 1179 1322 me
1193 1267 1278 1326 lactus
1290 1279 1341 1337 est,
1357 1274 1434 1346 culus
1443 1282 1624 1338 tautummodo
1637 1286 1725 1341 corri-

89 1352 142 1425 Epo
151 1368 202 1407 roe
216 1350 354 1406 clanrrmis
368 1351 395 1403 iu
407 1350 513 1403 deserto.
527 1347 595 1415 Quid
609 1348 767 1403 clamantis?
778 1346 886 1419 diripite
937 1351 1006 1421 giam
1015 1354 1188 1413 calceamenti
1198 1360 1294 1430 dignus
1305 1377 1364 1418 sum
1379 1366 1497 1436 soluere3
1511 1372 1622 1428 multum
1632 1389 1663 1431 se
1673 1374 1725 1432 hu-

88 1447 149 1498 mm
158 1442 280 1507 Domini,
295 1450 375 1496 rector
387 1441 462 1514 [acite
471 1440 571 1494 sentitus
580 1437 629 1493 Dei
639 1440 726 1495 nostri.
739 1438 797 1495 Nou
811 1440 885 1496 tubis
936 1444 1075 1502 millussct.
1087 1446 1198 1515 Quando
1211 1460 1299 1509 auteur
1314 1468 1365 1513 noo
1377 1456 1411 1513 ad
1424 1458 1476 1515 ltoc
1488 1460 1596 1532 dignum
1606 1478 1636 1520 te
1648 1464 1724 1532 dicit,

87 1533 189 1590 ridetur
202 1532 342 1605 preconis
355 1545 416 1586 esse
425 1528 525 1597 dicere,
540 1528 627 1595 Exite,
640 1528 816 1585 faciterium?
828 1529 885 1585 Nisi
936 1549 999 1591 rere
1011 1537 1106 1607 plenus
1119 1538 1220 1611 Spiritu
1236 1554 1329 1601 sancto
1340 1556 1408 1615 crat,
1422 1551 1467 1621 qni
1483 1552 1523 1608 sic
1533 1568 1624 1611 sertus
1634 1556 1724 1612 Douri-

88 1624 152 1697 ll¹¹⁰s¹
166 1637 262 1694 prreco
276 1622 355 1677 Εῐῑῑθ
369 1621 452 1677 (110111
467 1617 786 1687 3011163111οῊθ11110·
801 1620 822 1674 Α
842 1619 885 1691 lu·
935 1642 998 1681 uum
1009 1630 1124 1699 agnovit,
1140 1640 1207 1689 etex
1220 1648 1301 1692 serto
1314 1638 1416 1697 amicus
1430 1641 1488 1697 lteri
1500 1646 1608 1701 meruit.

87 1718 139 1775 dice
149 1716 260 1787 repellit
283 1728 383 1785 pruco,
397 1714 430 1769 ad
448 1712 565 1785 judicem
587 1720 666 1767 vocat
688 1711 804 1767 loannes
828 1711 883 1766 luno
971 1719 1014 1775 lo.
1036 1718 1100 1777 lloee
1112 1722 1276 1782 inBetlrcuiu
1287 1732 1356 1798 [octo
1368 1734 1666 1805 runtuumtordouem,
1680 1741 1724 1795 put

89 1818 158 1863 roem
170 1806 297 1863 loannes
307 1806 341 1861 ad
357 1806 494 1871 immilem,
510 1818 544 1858 ne
553 1801 636 1874 judex
650 1802 779 1859 sentiatur
793 1802 882 1858 excel·

86 1912 135 1955 sits.
146 1896 205 1970 Epo
219 1913 272 1953 eoa
281 1896 417 1951 cluntuntis
429 1896 455 1949 iu
465 1897 571 1961 deserto,
583 1894 682 1967 diripite
692 1894 757 1948 aiom
766 1891 881 1961 Domini,

87 1992 141 2045 sirau
149 1989 218 2044 tliaeit
230 1987 320 2043 lartius
327 1986 460 2059 propium.
469 1984 527 2041 Nou
537 1985 613 2053 dixit,
625 1986 679 2056 Ego
688 1998 746 2039 sum
755 1983 879 2050 loannes,

87 2096 195 2154 erasum
208 2080 298 2145 Elias,
308 2080 431 2150 Egusum
442 2078 583 2149 proptera.
594 2076 646 2133 Sed
660 2076 722 2147 quid
732 2076 817 2132 dixitl
826 2078 882 2135 lloo

86 2186 168 2241 rosor,
183 2172 246 2229 Vos:
255 2172 395 2228 eluumutis
407 2169 860 2244 indeterto,1>iripiteoittmDomiuo
872 2190 879 2229 :

85 2280 127 2339 ego
138 2282 198 2323 sum
209 2268 271 2337 ipsa
286 2263 438 2337 prophetia.
663 2258 667 2265 ’

113 2360 139 2417 8.
150 2358 185 2415 Et
200 2359 248 2429 qui
258 2356 332 2413 uriae
346 2360 458 2427 sucrum,
478 2366 549 2413 erant
559 2372 591 2413 ee
608 2355 747 2414 Pharitoet't
761 2355 809 2413 :id
824 2365 878 2425 esi,

86 2448 295 2521 exprincipibus
310 2448 475 2505 iudeorum.
490 2446 523 2502 lit
533 2449 758 2520 interropauerunt,
770 2458 794 2503 et
806 2449 879 2505 dise-

85 2544 166 2599 remei
178 2562 185 2598 :
198 2542 274 2609 Quid
288 2558 349 2614 erpo
359 2540 483 2612 duptlaot,
493 2541 516 2596 si
526 2549 553 2595 tu
567 2556 618 2595 uon
627 2557 653 2597 er
665 2540 789 2609 Christus,
800 2558 881 2611 oeque

85 2632 158 2703 Eius,
173 2649 259 2705 neque
271 2632 420 2709 propheto?
438 2631 518 2701 Quasi
533 2631 650 2687 audaciae
668 2632 808 2688 videbatur
820 2648 880 2690 esse

85 2726 230 2799 baptizare,
247 2726 344 2798 quasi,
359 2723 388 2781 ln
402 2736 453 2797 qua
466 2725 598 2795 personui
619 2724 768 2795 Quaerimus
789 2732 878 2780 utrum

85 2832 109 2875 tu
121 2822 155 2876 sis
164 2820 316 2885 Christus;
333 2826 363 2873 tu
379 2816 446 2873 diois
459 2828 485 2875 te
506 2831 559 2873 nou
579 2832 639 2873 esse
660 2834 667 2873 r
686 2818 830 2889 quaerimus
845 2832 879 2874 ue

85 2912 146 2969 lorte
161 2926 322 2982 praecursor
336 2910 406 2967 illius
421 2910 475 2975 sis,
489 2910 551 2980 quia
566 2909 688 2967 norimus
702 2918 764 2966 aute
778 2908 878 2967 Christi

84 3004 220 3061 adrentum
232 3011 379 3059 venturum
392 3015 452 3059 esse
464 3002 564 3069 Eliam;
584 3016 666 3074 negas
676 3009 702 3059 te
713 3017 774 3061 csse
785 3021 790 3055 :
803 3017 878 3075 quae-

84 3096 160 3151 rimus
171 3112 207 3152 ne
222 3094 297 3151 lorte
316 3094 413 3165 aliquis
427 3095 537 3150 multum
557 3088 722 3167 praeverrieus'
735 3112 823 3167 preco
836 3112 876 3163 es,

83 3186 152 3241 idest
161 3186 307 3257 propheta,
317 3192 346 3240 et
356 3185 481 3254 accepisti
490 3185 559 3241 lituo
570 3194 726 3257 potestatem
736 3196 744 3255 ;
756 3202 806 3243 nec
814 3196 878 3259 pro-

84 3277 184 3349 phetam
196 3284 224 3333 te
236 3291 301 3333 esse
313 3275 391 3332 dicis.
407 3276 440 3330 lit
451 3288 504 3331 uon
518 3283 577 3331 erat
589 3276 718 3347 propheta
737 3276 853 3334 loannes
869 3296 876 3335 r

82 3372 164 3441 major
174 3378 236 3427 erat
247 3382 330 3441 quarn
342 3367 482 3439 propheta.
499 3368 627 3425 Dominus
639 3369 727 3425 duilio
738 3369 791 3425 talc
802 3370 879 3426 testi-

82 3462 198 3517 mouium
213 3460 292 3517 dedit
307 3476 314 3513 ε
330 3458 400 3527 Quid
408 3458 494 3514 cristis
505 3460 532 3514 iu
541 3458 780 3515 desertumuiderei
793 3461 879 3516 Arun-

81 3554 163 3608 &em
178 3562 254 3607 uento
275 3550 378 3623 opitori.
407 3550 515 3621 Utique,
530 3548 588 3605 Non
603 3562 682 3607 uento
696 3550 800 3622 agitari,
812 3550 876 3607 sub-

934 1820 988 1865 erat
998 1810 1112 1869 donares
1127 1814 1267 1888 loptimur.
1284 1820 1372 1876 Altera
1386 1823 1427 1879 die
1437 1826 1499 1881 sidit
1510 1826 1623 1885 imum
1635 1828 1726 1887 lesum

934 1902 1072 1957 seruientem
1083 1906 1118 1960 od
1130 1923 1167 1973 ae,
1182 1916 1207 1963 et
1219 1911 1255 1963 ait
1265 1925 1275 1965 .·
1287 1910 1354 1967 Ecce
1363 1914 1451 1985 Apum
1463 1915 1521 1984 Dei,
1537 1930 1592 1973 eree
1604 1920 1648 1991 pai
1659 1921 1727 1978 tollit

934 2002 1063 2062 peccatum
1075 1997 1173 2053 rutundi.
1186 1998 1271 2055 Nemo
1284 2003 1334 2058 silui
1346 2015 1461 2075 arroget,
1475 2016 1503 2062 et
1512 2008 1584 2065 dicat
1594 2012 1655 2081 quia
1667 2012 1726 2082 ipss

933 2084 1037 2141 auferat
1049 2097 1186 2157 peecatum
1198 2094 1298 2148 mundi.
1311 2094 1370 2151 lum
1383 2097 1511 2155 intendite
1522 2104 1542 2169 ¹,
1554 2113 1648 2160 contra
1656 2119 1726 2175 quot

932 2176 1063 2245 superbos
1078 2180 1230 2239 intendebat
1246 2183 1357 2255 digitum
1371 2187 1497 2245 loannes.
1510 2190 1633 2248 Nondum
1647 2205 1724 2252 erant

933 2266 987 2322 nati
1003 2267 1132 2336 haretici,
1146 2282 1173 2327 et
1185 2274 1240 2341 jam
1252 2277 1480 2336 ostendebantur:
1492 2292 1583 2338 contra
1596 2284 1657 2341 illos
1669 2286 1725 2343 ela·

933 2358 1023 2414 mahat
1045 2369 1107 2417 tuuc
1126 2374 1141 2415 a
1162 2362 1252 2431 durio,
1274 2376 1366 2423 eontra
1387 2384 1455 2439 quos
1474 2373 1554 2427 modo
1571 2374 1669 2430 clamat
1689 2390 1725 2434 or

933 2444 1086 2520 Evangelio.
1101 2451 1177 2507 lenit
1187 2452 1263 2511 lesos
1275 2470 1283 2523 3
1295 2465 1323 2512 ot
1334 2458 1396 2529 quid
1409 2459 1474 2517 dicit
1483 2462 1549 2518 illei
1560 2463 1627 2519 Ecce
1637 2467 1727 2539 Aquas

931 2536 989 2594 Dei.
1009 2540 1038 2596 st
1057 2556 1141 2613 agnus
1159 2543 1297 2613 innocens,
1312 2556 1340 2604 et
1359 2547 1476 2608 loannes
1497 2568 1592 2624 agnus.
1606 2557 1649 2612 An
1670 2572 1724 2615 non

931 2638 958 2686 et
972 2631 1031 2703 ipse
1042 2634 1191 2692 innocens?
1202 2636 1256 2693 Sed
1267 2640 1327 2711 quis
1339 2642 1489 2699 innocens?
1501 2656 1629 2716 quantum
1644 2649 1723 2705 inno-

931 2725 1017 2779 ocnsl
1031 2724 1129 2782 Omnes
1143 2744 1175 2784 cx
1197 2730 1241 2787 illa
1263 2732 1373 2790 traduce
1386 2736 1496 2791 seuiuut
1511 2746 1539 2792 et
1553 2753 1585 2794 er
1600 2741 1644 2797 illa
1662 2758 1724 2811 pro·

932 2819 1043 2891 pagine,
1060 2820 1095 2877 de
1108 2837 1159 2893 qua
1173 2834 1260 2880 mutat
1281 2841 1389 2897 gemeus
1404 2829 1505 2884 Dauid:
1520 2830 1576 2903 Epo
1589 2834 1617 2887 iu
1630 2835 1731 2905 impure

931 2917 981 2963 tute
993 2920 1128 2982 conceptor
1147 2930 1217 2981 sum,
1235 2926 1260 2969 et
1273 2916 1300 2970 in
1313 2919 1422 2988 peccatis
1440 2930 1519 2974 muter
1531 2938 1587 2976 meu
1607 2923 1635 2979 iar
1652 2934 1723 2981 utero

930 3014 970 3053 ure
981 3000 1045 3054 aluit
1058 3001 1069 3074 (
1080 3000 1151 3057 Piri.
1167 3020 1193 3072 ι,
1209 3003 1254 3078 7).
1267 3005 1346 3062 Solus
1360 3023 1424 3079 erpo
1438 3010 1482 3065 illc
1494 3012 1594 3081 lgutts,
1609 3014 1721 3085 quinon

931 3091 969 3146 sio
993 3094 1076 3149 veuit.
1102 3094 1160 3150 Nou
1186 3100 1257 3154 enim
1283 3101 1311 3155 in
1332 3102 1468 3173 iniquitate
1487 3115 1632 3177 conceptus
1659 3117 1720 3177 est3

930 3182 991 3252 qnia
1009 3198 1064 3239 non
1083 3185 1118 3241 de
1134 3190 1295 3246 mortalitate
1307 3204 1454 3263 conceptus
1471 3204 1530 3251 est:
1546 3211 1596 3254 neo
1613 3214 1673 3255 eum
1694 3201 1723 3256 in

931 3274 1048 3345 peccatis
1067 3286 1153 3334 mater
1163 3280 1224 3348 ejus
1242 3280 1269 3336 in
1290 3290 1365 3339 utero
1378 3284 1460 3351 aluit,
1475 3300 1553 3355 ouem
1568 3288 1642 3360 uirgo
1655 3305 1722 3347 con·

930 3366 1009 3435 oopit,
1021 3366 1097 3438 virgo
1110 3371 1230 3437 peperit;
1244 3373 1304 3443 qrria
1320 3372 1373 3429 lide
1383 3376 1514 3446 concepit,
1527 3386 1555 3433 et
1566 3376 1619 3434 fide
1632 3395 1723 3438 susce·

930 3454 978 3525 pit.
993 3456 1065 3527 lingo
1081 3473 1140 3513 ecce
1158 3461 1244 3531 Apum
1264 3461 1322 3517 Dei.
1339 3463 1397 3520 lion
1415 3463 1496 3521 habet
1515 3468 1566 3523 iste
1586 3470 1722 3530 traducem

929 3545 963 3601 de
979 3546 1063 3603 udam
1076 3564 1083 3603 :
1097 3562 1205 3606 cantem
1218 3560 1321 3607 tautum
1338 3556 1451 3625 sumpsit
1469 3556 1504 3612 de
1516 3558 1611 3626 Adam,
1627 3576 1722 3630 proca·

80 3646 172 3711 audis3
189 3644 254 3715 quia
273 3658 324 3699 non
339 3642 392 3699 lroc
404 3641 606 3709 eratloaunes,
622 3643 698 3712 quasi
711 3644 783 3713 quia
798 3650 877 3699 rento
930 3646 985 3693 tum
1007 3652 1061 3695 non
1082 3643 1235 3713 assumpsit.
1258 3644 1308 3713 Qui
1335 3661 1388 3701 uon
1410 3649 1553 3717 assumpsit
1573 3651 1607 3707 dc
1630 3663 1720 3710 uostra

80 3744 258 3791 moveretur:
275 3734 317 3805 qui
330 3734 402 3791 cuim
420 3748 437 3788 a
452 3741 530 3787 teuto
546 3741 676 3798 movetur,
698 3732 878 3787 circumdatur
929 3746 1016 3787 massa
1028 3742 1176 3803 peccatum,
1187 3736 1246 3804 ipse
1255 3738 1349 3807 estqui
1361 3738 1429 3792 tollit
1438 3750 1558 3794 nostrum
1569 3753 1718 3811 peccatum.

81 3830 151 3885 omni
167 3826 266 3899 spiritu
284 3826 446 3882 seductorio.
463 3824 515 3880 Sed
529 3824 590 3897 quid
603 3826 688 3881 euittt's
707 3824 810 3879 siderei
822 3822 877 3879 llo·
929 3820 996 3879 uere
1008 3824 1094 3895 Aquas
1107 3825 1164 3893 Dei,
1177 3842 1232 3882 eece
1245 3828 1289 3898 pui
1300 3828 1365 3882 tollit
1377 3839 1507 3899 perculsum
1520 3833 1618 3887 usundi.

81 3920 174 3975 minem
194 3916 313 3973 nrollilus
330 3916 466 3972 restitum?
481 3912 647 3973 vestiebatur
668 3916 738 3973 euim
761 3916 876 3973 ioannes
936 3936 940 3939 ·
965 3916 1009 3969 ll.
1029 3915 1115 3971 Nostis
1129 3917 1190 3988 quia
1202 3918 1308 3989 quidam
1323 3919 1718 3994 lromiuesdiountaliquando:

82 4010 195 4079 asperis,
209 4008 237 4063 id
257 4017 309 4075 ost,
323 4008 412 4063 tunica
431 4004 499 4061 iactu
512 4006 546 4061 de
564 4007 624 4077 pilis
637 4007 740 4063 cameli.
755 4004 877 4080 Eecepui
928 4006 982 4063 llus
1000 4008 1116 4064 tollimus
1132 4020 1237 4079 peccata
1258 4011 1425 4079 incurialius,
1439 4014 1484 4084 qui
1503 4024 1586 4071 sartctr
1605 4032 1718 4074 sumpse

81 4103 199 4157 mallium
217 4102 367 4167 sortiumur,
381 4100 409 4153 in
427 4099 542 4154 domibus
555 4110 721 4172 repummut.
735 4101 793 4156 Non
813 4118 877 4174 ergo
929 4096 951 4151 si
973 4100 1045 4153 enim
1071 4114 1124 4153 non
1146 4100 1225 4155 iuuerit
1246 4112 1353 4158 strictus
1376 4104 1420 4174 qni
1442 4104 1566 4174 baptizat,
1585 4108 1719 4179 quomodo

82 4195 174 4251 existis
189 4194 283 4249 ridere
295 4193 430 4247 lmmincm
451 4192 578 4247 mullibus
590 4194 724 4249 uestitum.
745 4194 798 4250 Sed
814 4196 877 4265 quta
929 4188 998 4243 tollit
1011 4200 1157 4259 peceatum
1178 4191 1297 4259 alterius,
1313 4208 1373 4248 curu
1395 4196 1430 4251 sit
1450 4194 1531 4252 homo
1549 4198 1606 4269 ipse
1624 4200 1719 4271 plenus

82 4286 165 4340 aistis
177 4284 285 4339 uidere?
298 4282 471 4353 Propuetrmi
485 4280 528 4335 lta
542 4280 599 4359 dico
613 4282 690 4349 vodis,
707 4286 789 4356 neojur
801 4302 877 4357 quam
929 4288 1038 4347 [uocato
1048 4279 1060 4333 l
1071 4280 1170 4336 Contra
1186 4283 1249 4338 istas
1262 4282 1454 4354 disputationes
1466 4288 1546 4344 verita
1560 4300 1650 4346 nostra
1662 4308 1716 4349 nou

82 4375 256 4447 propiciatio
272 4372 376 4445 (uarro.
387 4374 495 4441 xr,'l,8,
506 4372 533 4447 9)
552 4392 560 4430 :
574 4373 633 4444 quia
649 4376 784 4445 propium
798 4378 876 4447 lunge
927 4369 1057 4437 dicamus,
1070 4372 1140 4427 lruuc
1153 4372 1270 4441 legumus
1282 4393 1288 4428 :
1301 4374 1366 4431 Eece
1375 4378 1460 4449 Apsus
1469 4378 1525 4442 liei,
1537 4396 1593 4434 ecre
1602 4382 1720 4452 quitollit

81 4476 141 4521 ante
163 4466 432 4536 praenuntiatorunt,
452 4464 570 4521 ioannes
589 4475 748 4537 presentem
766 4466 876 4523 demon·
928 4471 1059 4531 pmrutum
1076 4465 1173 4517 111111ἀί·
1194 4465 1252 4520 Nou
1271 4466 1307 4522 811
1326 4470 1500 4539 uraesttntlillu
1516 4470 1667 4529 'luminibus
1688 4474 1715 4530 111

81 4560 192 4614 “nm
928 4548 1069 4607 ltoruiues:
1085 4569 1138 4608 non
1154 4556 1322 4626 transmigret
1336 4572 1429 4628 passer
1442 4559 1469 4614 in
1486 4570 1605 4629 montes,
1621 4564 1647 4618 in
1661 4564 1716 4619 llo-

112 4653 141 4708 li.
164 4650 236 4718 Quid
249 4666 308 4723 erpo
321 4659 347 4705 tu
361 4650 484 4721 baptimo,
498 4650 522 4706 si
540 4664 567 4705 tu
581 4668 630 4706 nou
648 4667 674 4707 et
687 4648 816 4723 Ciristur,
829 4670 875 4709 ne.
928 4642 1001 4698 ritino
1014 4642 1130 4698 eonssdat
1142 4643 1227 4717 (Pul.
1241 4660 1270 4711 x,
1281 4646 1329 4732 2);
1342 4658 1369 4703 ct
1380 4649 1403 4704 si
1415 4648 1484 4705 levat
1496 4652 1588 4708 oculos
1600 4652 1629 4709 in
1640 4668 1712 4712 mon-

80 4758 124 4813 5„
143 4740 231 4811 Epa„
250 4758 329 4812 mm„
350 4736 490 4813 prophane
505 4742 643 4814 &monast
658 4744 694 4798 α’,
710 4742 833 4811 poam,
852 4752 876 4799 ep
928 4740 978 4798 tes,
992 4735 1064 4791 unde
1078 4738 1166 4792 reniet
1177 4739 1304 4793 auxilium
1322 4741 1358 4809 ei,
1374 4742 1503 4814 intelligat
1516 4746 1576 4815 quia
1589 4747 1716 4802 auxilium

81 4835 142 4888 uait
155 4848 168 4888 .·
183 4831 241 4905 Epo
252 4834 480 4905 baptizaturque:
493 4832 591 4888 medius
601 4842 685 4887 artem
698 4836 876 4890 urummsrmit
928 4828 986 4898 eius
999 4844 1015 4883 a
1026 4828 1149 4898 liomino,
1163 4830 1207 4900 qui
1216 4829 1278 4887 iecit
1290 4833 1389 4888 coelum
1404 4842 1431 4890 et
1442 4844 1540 4891 terram
1553 4835 1638 4909 (Paul.
1649 4852 1716 4907 cn,
1772 4859 1778 4868 ·

80 4940 151 4993 quem
163 4940 209 4979 aar
223 4924 333 4979 maritis.
345 4922 457 4979 ilumilis
467 4924 538 4979 enim
550 4938 603 4979 non
615 4922 762 4993 ridebatur,
775 4932 803 4980 et
815 4940 876 4995 pro·
928 4922 955 4985 l.
970 4918 1017 4995 2)-
1033 4920 1125 4978 Taulae
1147 4922 1311 4980 excellenliae
1323 4923 1456 4995 1111111111,
1470 4930 1566 4987 dicitur
1578 4932 1603 4987 ⁰1
1613 4973 1621 4998 s
1632 4930 1674 4987 Tu
1687 4947 1718 4990 θ·

81 5024 171 5083 pterea
182 5014 292 5071 lucerna
301 5022 468 5069 accensaest.
481 5013 574 5070 Videte
584 5014 873 5084 uuornododatlocum,
927 5014 1070 5073 Citristusi
1084 5015 1161 5083 llicit,
1176 5015 1245 5072 lion.
1261 5016 1300 5073 'lu
1313 5032 1343 5073 es
1357 5018 1451 5075 Eliasl
1463 5021 1540 5090 Dicit,
1556 5022 1624 5079 Non.
1635 5022 1675 5079 'lu
1690 5040 1720 5081 es

80 5104 207 5176 quialiud
219 5114 311 5177 posset
324 5106 421 5177 putari.
440 5103 500 5176 ipae
512 5106 602 5173 estqui
614 5115 670 5176 post
690 5122 730 5161 me
747 5108 823 5173 uenit,
831 5107 876 5180 qut
927 5106 1078 5179 prophetat
1099 5109 1181 5173 llicit,
1202 5109 1270 5164 lion.
1294 5110 1382 5178 Quare
1406 5128 1472 5184 crgo
1492 5114 1630 5183 baptizati
1651 5114 1721 5208 Eece

80 5208 189 5253 moeme
202 5198 340 5267 {octasem-
355 5196 430 5253 Siout
442 5198 496 5267 jam
510 5195 639 5263 diximus,
654 5195 679 5252 id
698 5206 747 5264 est,
762 5206 874 5268 sumpto*
929 5204 1014 5271 dustria
1029 5199 1087 5265 liei,
1100 5216 1156 5254 ecce
1169 5202 1213 5270 qui
1229 5200 1294 5256 tollit
1310 5212 1439 5272 peccatum
1454 5205 1565 5258 mundi:
1582 5204 1623 5259 dic
1636 5214 1672 5262 est
1688 5210 1720 5262 de

80 5290 145 5344 situs
157 5288 284 5345 eetmihi.
294 5287 374 5359 Cujus
381 5302 484 5359 epouoat
494 5302 549 5342 sunt
561 5286 876 5357 dipuuarttaoluumrorri·
927 5294 1052 5358 claudici,
1069 5292 1131 5347 Post
1146 5295 1265 5347 antevenit
1278 5294 1371 5364 sequi
1383 5300 1442 5349 anie
1455 5310 1494 5350 me
1505 5296 1589 5365 suetus
1600 5306 1646 5365 est,
1660 5301 1719 5366 puio

80 5379 875 5455 mmummteijuamumseaujectttutiueomut-
930 5386 999 5455 prior
1011 5400 1051 5438 me
1063 5394 1126 5439 erut.
1142 5382 1203 5439 Post
1213 5400 1252 5440 me
1262 5385 1338 5454 omit,
1349 5388 1409 5458 quia
1422 5388 1553 5457 posterius
1567 5396 1644 5446 notus
1657 5402 1717 5448 est:

113 5523 262 5576 asum
272 5530 327 5575 usu
338 5518 450 5573 ttedltt:
460 5526 576 5585 suuper
586 5513 877 5573 miditmumrumrner
960 5517 967 5549 ¹
981 5517 1018 5567 stc
1032 5524 1084 5567 uss.
1093 5528 1170 5581 prope
1185 5529 1279 5567 omnes
1289 5518 1400 5572 sumtu:
1411 5519 1508 5587 auferat
1524 5529 1630 5587 pemmo
1651 5528 1719 5580 unde

80 5580 876 5704 gsgmaffimpmmmm
923 5578 1187 5707 ‘diffluum
1202 5641 1327 5705 umus.
