4000 6359
145 357 233 463 rota*
693 355 899 463 rendentes
917 394 1012 461 ιιιιι.
1032 401 1146 464 curor
1166 406 1210 465 n.
1710 368 1782 481 rari

143 536 198 581 tres
220 518 291 588 mei,
313 510 376 591 quid
391 510 515 573 dixerim.
530 506 677 583 liemoes,
699 524 729 579 et
749 515 870 591 spiritum
885 514 933 571 ha-
994 523 1156 593 sumpserint
1168 520 1325 579 moriantur.
1336 516 1501 583 lubocvero
1513 522 1610 587 er’boet
1620 538 1695 603 potu,
1707 532 1732 587 tn
1741 538 1782 593 aar

143 616 207 683 bes,
229 621 256 667 et
268 625 365 685 eorpus
379 604 472 665 babes.
495 605 622 681 Spiritum
636 606 697 665 dico
713 624 772 679 quar
785 606 873 663 anima
886 623 935 663 vo·
989 626 1101 685 corpere
1114 624 1142 671 et
1155 617 1283 688 sanguine
1296 614 1416 686 Domim,
1432 621 1534 678 nonita
1548 630 1598 679 est
1614 622 1681 681 Nam
1695 632 1724 681 et
1737 629 1782 699 qut

142 718 233 776 eatur,
255 720 308 777 qua
320 710 425 759 constat
438 700 508 771 qued
523 700 605 758 bomo
625 714 655 757 es
671 719 678 755 ε
693 708 801 756 constas
815 698 886 760 enim
900 716 934 757 ex
988 718 1048 761 eam
1068 722 1121 763 nou
1136 709 1231 776 sumit,
1243 728 1297 769 noe
1311 711 1392 771 babet
1406 709 1486 771 sitam
1501 724 1548 773 :et
1559 716 1604 791 qui
1616 732 1676 775 eam
1687 720 1783 795 sumit,

142 800 228 853 anima
241 806 268 852 et
280 807 405 867 corpore.
421 788 510 849 liabes
524 790 613 863 itaque
626 788 746 863 spiritum
760 788 932 860 invisibilem,
988 796 1068 854 babet
1085 798 1182 869 vitan,
1194 811 1223 859 et
1236 805 1303 860 itane
1322 806 1412 879 utique
1434 818 1572 865 aternam.
1596 806 1673 871 tanne
1692 812 1783 887 itaque

140 900 237 959 eorpus
250 882 366 941 visibile.
388 880 436 939 Dic
449 880 514 939 mihi
524 882 587 955 quid
601 898 636 939 er
652 898 704 954 quo
718 882 789 937 rivet
803 898 810 936 r
825 878 933 953 spiritus
986 888 1076 945 cibum
1089 902 1117 948 et
1129 903 1219 965 potum
1235 898 1390 954 societatem
1415 896 1472 955 nult
1493 898 1604 973 intelligi
1618 902 1739 976 eorporis
1754 912 1781 961 01

140 989 201 1037 taes
219 976 284 1035 visit
296 992 331 1043 ex
343 990 456 1047 corpore
469 982 531 1045 tuo,
545 989 579 1030 an
591 988 688 1045 eorpus
703 980 778 1029 tuom
791 988 824 1029 ex
838 969 931 1045 spiritu
985 984 1167 1043 mmmmm
1187 1002 1311 1058 suorum,
1332 988 1403 1063 quod
1429 1002 1470 1048 es,
1494 1003 1584 1049 sam
1609 995 1729 1053 Ecclesia
1740 994 1779 1054 ‚gn

140 1074 201 1131 ¹⁰⁰²
225 1066 380 1143 305101111οῑ
392 1068 480 1125 ⁰¹¹¹¹¹l⁸
492 1066 538 1139 qui
551 1064 617 1123 viril
631 1086 636 1121 ²
653 1065 697 1139 (1ιιῑ
710 1078 799 1123 autem
813 1060 865 1121 ¹¹⁰⁰
876 1081 931 1121 ¹¹⁰ss
985 1075 1180 1142 ltrrrdestitratis
1194 1088 1221 1135 et
1234 1082 1351 1151 roratis,
1365 1091 1392 1137 et
1401 1080 1571 1154 justificatis,
1587 1096 1613 1142 et
1624 1084 1780 1159 gloriiloatis

138 1173 228 1239 potest
248 1159 431 1237 respondere,
455 1159 545 1219 nescio
557 1160 580 1217 si
594 1160 659 1217 vivit
673 1179 687 1219 :¹
700 1158 763 1233 quid
785 1154 930 1233 respondet
984 1168 1093 1231 sanctis,
1105 1177 1133 1223 et
1145 1169 1265 1247 fidelibus
1277 1172 1344 1243 eius.
1360 1174 1478 1243 Quorum
1488 1176 1602 1248 primum
1613 1176 1668 1250 jam
1680 1174 1778 1239 laetum

137 1258 225 1317 omnis
235 1258 281 1330 qui
292 1254 373 1313 sirit?
385 1256 489 1329 Corpus
503 1254 594 1325 utique
608 1270 696 1309 mentm
709 1252 776 1309 sirit
789 1252 822 1308 de
836 1253 931 1325 spiritu
983 1266 1039 1323 est,
1055 1258 1081 1313 id
1096 1270 1153 1327 est,
1167 1262 1366 1333 praedestinatio
1382 1284 1388 1319 :
1403 1266 1548 1324 seeundum
1571 1277 1599 1326 et
1617 1270 1722 1328 tertium
1737 1268 1777 1330 ia-

137 1369 209 1411 meo.
223 1352 270 1409 Vis
285 1366 349 1423 ergo
364 1360 392 1406 et
400 1358 427 1405 to
443 1343 572 1405 tiaerede
582 1342 681 1421 Spiritu
695 1340 813 1401 Christi?
828 1342 857 1399 ln
872 1361 932 1401 cer·
982 1356 1054 1403 otum
1068 1359 1119 1417 est,
1133 1359 1160 1407 et
1175 1354 1217 1420 tlt,
1233 1352 1327 1423 etsret,
1341 1354 1434 1423 idest,
1449 1356 1552 1413 vocatio
1563 1368 1590 1415 et
1601 1354 1776 1430 justificatio:

136 1460 202 1517 pere
214 1453 275 1503 esto
289 1442 398 1499 Christi.
419 1438 551 1511 Numquid
568 1440 638 1495 enim
653 1452 750 1509 corpus
765 1453 853 1493 mcum
866 1436 930 1493 risit
982 1448 1105 1509 quartum
1120 1459 1184 1499 vero
1203 1461 1275 1501 nuno
1288 1442 1315 1501 in
1329 1462 1376 1517 spe
1388 1457 1446 1516 est,
1462 1449 1488 1503 in
1507 1464 1539 1505 re
1557 1459 1646 1518 autem
1658 1451 1777 1511 littorum

136 1536 169 1593 de
180 1536 276 1609 spiritu
292 1532 357 1591 tuei
376 1532 462 1589 ileum
478 1530 542 1587 vivit
554 1529 587 1587 de
601 1530 694 1603 spiritu
715 1544 790 1597 tneo,
812 1538 839 1583 et
854 1537 929 1583 tuum
981 1541 1039 1600 est,
1055 1534 1080 1588 id
1094 1546 1132 1591 est
1145 1578 1153 1604 ,
1166 1537 1334 1609 glorificatio.
1356 1538 1440 1611 liuius
1454 1541 1493 1597 rei
1514 1537 1733 1615 Sacramentum,
1749 1541 1777 1604 id

134 1627 167 1684 de
189 1637 246 1683 tue.
268 1624 325 1681 Neu
348 1632 436 1697 petest
456 1625 547 1679 otnero
567 1636 664 1693 corpus
685 1616 803 1684 Christi,
828 1620 880 1675 nisi
896 1618 929 1677 de
980 1626 1152 1691 est,tmitatis
1166 1630 1287 1703 eorporis
1301 1641 1327 1686 ct
1341 1629 1477 1703 sauguinis
1490 1632 1592 1691 Christi
1604 1634 1776 1708 alieubiquo-

134 1719 237 1791 Spiritu
257 1716 366 1773 Christi.
393 1714 456 1771 iude
475 1723 518 1771 est
537 1712 608 1785 quod
629 1728 765 1785 exponens
777 1710 852 1769 nobis
865 1724 929 1782 apo·
980 1716 1058 1782 tidie,
1079 1719 1176 1777 alieubi
1197 1724 1277 1779 certis
1302 1722 1447 1780 intervallis
1469 1722 1572 1782 dierum
1593 1727 1620 1784 in
1641 1728 1776 1787 dominica
1851 1747 1854 1755 ·

133 1813 218 1868 stolus
232 1809 333 1869 Paulm
344 1808 415 1865 barno
429 1824 535 1880 panem,
552 1804 622 1861 iinns
637 1803 727 1878 penis,
741 1803 836 1877 inquit,
850 1822 929 1859 annm
980 1821 1072 1864 mensa
1093 1822 1267 1883 praeparatur,
1287 1822 1317 1869 et
1334 1812 1368 1869 de
1382 1829 1474 1869 mensa
1493 1812 1626 1873 dominica
1647 1818 1777 1891 sumitur,

133 1924 224 1981 carpor
245 1904 320 1961 anniti
339 1900 463 1977 ronterii
478 1900 586 1971 Com,
604 1896 659 1973 tt).
688 1895 927 1955 OSaeramentum
980 1898 1138 1970 quibusdam
1153 1902 1186 1958 ad
1199 1905 1290 1973 sitam,
1301 1904 1459 1977 quibusdam
1472 1906 1505 1963 ad
1515 1908 1778 1969 esitiumtresvero

133 2000 258 2071 pietatis!
280 1997 421 2069 esignum
441 1994 567 2051 unitatis!
588 1992 755 2049 evinculom
774 1988 925 2048 charitatis!
980 1994 1037 2065 ipsa
1050 1995 1127 2067 cnjus
1148 2006 1343 2054 sacramentum
1356 2008 1411 2065 est,
1426 2002 1497 2057 omni
1510 2000 1612 2059 bomini
1631 2004 1775 2079 advitam,

135 2094 185 2161 Qut
201 2092 256 2149 ruit
268 2092 379 2157 rivere,
403 2088 483 2147 habet
503 2086 548 2143 ubi
563 2086 648 2153 vivat,
671 2082 751 2140 babet
764 2083 834 2141 unde
845 2082 925 2139 vivat.
979 2083 1046 2140 nulli
1060 2084 1094 2141 ad
1107 2088 1234 2155 exitium,
1248 2091 1409 2163 quicumque
1421 2092 1479 2163 tius
1494 2094 1628 2169 particeps
1639 2095 1730 2155 inerit.

132 2186 261 2254 ammai,
275 2183 377 2251 credat,
395 2182 404 2214 ¹
418 2199 425 2247 t
440 2180 640 2251 incorporetur,
656 2186 685 2232 ut
698 2173 852 2232 vivificetur.
867 2172 925 2231 Non
1016 2180 1060 2236 16.
1073 2178 1112 2236 Ne
1124 2192 1212 2239 autem
1227 2194 1349 2255 putarent
1364 2186 1441 2243 sicin
1458 2186 1509 2241 lsto
1522 2186 1583 2243 ribo
1596 2199 1623 2245 et
1637 2200 1700 2263 potu
1710 2208 1775 2265 ppo.

131 2280 260 2339 abluerent
272 2293 287 2333 a
300 2272 690 2347 conpagonenerorumnon
703 2268 737 2325 sit
749 2278 826 2342 parare
839 2284 925 2324 mem·
978 2264 1047 2327 initti
1062 2273 1142 2329 vitam
1161 2285 1304 2343 aeternam,
1321 2286 1350 2332 ut
1365 2278 1408 2349 qui
1423 2294 1481 2334 eam
1496 2292 1647 2349 sumerent,
1660 2283 1777 2354 joranno

130 2372 208 2428 hum
222 2369 294 2442 quod
310 2366 427 2425 resecari
442 2373 596 2433 mereatur,
610 2378 663 2419 nen
685 2359 720 2419 sit
737 2359 878 2419 distortum
893 2356 927 2418 de
979 2378 1091 2437 corpore
1115 2377 1297 2433 morerentur;
1322 2368 1384 2425 heio
1404 2370 1558 2442 cogitationi
1583 2372 1707 2445 dignatus
1734 2385 1777 2433 est

130 2479 182 2535 quo
197 2463 372 2521 erubescatur
387 2479 395 2515 :
409 2459 444 2515 sit
453 2456 604 2531 pulchrum,
615 2450 650 2511 sit
660 2465 761 2527 aptum,
772 2454 807 2511 sit
816 2470 924 2523 sanum;
979 2470 1130 2514 occurrere.
1153 2454 1219 2513 Nam
1241 2475 1301 2515 erran
1328 2459 1457 2531 dixisset,
1485 2462 1535 2531 Qui
1547 2467 1682 2523 ntondncnt
1694 2486 1776 2525 meam

130 2556 231 2613 hereat
247 2554 369 2625 corpori,
389 2554 460 2609 vivat
476 2552 530 2609 beo
548 2550 582 2607 de
596 2549 652 2609 beo
670 2566 761 2607 :nuno
782 2546 885 2607 laboret
899 2546 926 2606 in
978 2563 1095 2615 comm,
1116 2559 1139 2604 et
1161 2550 1220 2607 bibit
1246 2570 1330 2608 menan
1344 2556 1507 2626 sanquinem,
1530 2553 1690 2617 lobetaitom
1702 2572 1777 2620 aem.

129 2660 211 2717 terra,
224 2656 353 2719 etpostea
369 2653 460 2717 regnet
474 2644 499 2699 ie
510 2642 589 2701 coelo.

163 2742 208 2797 ll.
236 2738 381 2811 bitignbent
404 2732 622 2809 argoleontes
647 2733 769 2799 ironicam,
795 2732 926 2791 dicenter:

130 2833 263 2901 Quomodo
272 2840 354 2905 potest
365 2831 406 2885 itio
418 2846 518 2885 carnem
529 2844 601 2883 snum
613 2826 683 2882 nebia
694 2826 755 2882 dere
769 2826 803 2881 od
815 2829 924 2882 mnriu-

128 2926 257 2983 monn?
271 2924 421 2995 Litigabant
435 2923 525 2993 utitgue
536 2922 568 2977 ad
585 2920 698 2977 invicem
712 2962 720 2987 ,
735 2920 860 2993 quoniam
876 2936 925 2992 pn-

128 3036 188 3077 ncm
203 3018 355 3075 concordior
376 3032 429 3073 nou
449 3016 647 3087 intelligebant,
668 3030 718 3071 nec
729 3030 835 3071 sumere
850 3013 924 3071 role-

127 3112 210 3168 baut:
226 3110 345 3181 namqui
358 3106 518 3165 manducant
533 3102 614 3163 talem
630 3122 742 3177 panem,
757 3122 810 3162 non
822 3106 924 3179 litigent

127 3204 301 3269 radinensem
320 3204 445 3275 qtteniam
460 3219 524 3259 nnus
543 3202 637 3274 penis,
653 3218 731 3255 tanum
745 3218 837 3273 corpna
852 3202 925 3257 militi

127 3315 223 3356 amas
239 3296 274 3353 Ει
286 3312 332 3367 per
347 3296 418 3353 bunc
436 3296 498 3367 [ecit
517 3292 586 3351 one
606 3294 759 3351 stemmatii
771 3292 884 3349 ιιαιὶιαιι
897 3294 924 3349 in

128 3394 200 3449 aenae
213 3390 301 3461 (ant.
318 3405 403 3459 ura,
421 3390 460 3461 7).

162 3487 207 3544 ld.
226 3480 305 3553 Quod
329 3494 417 3541 autem
437 3482 471 3541 ad
494 3482 607 3539 invicem
627 3482 760 3553 litigantes
782 3492 922 3553 qoaemnt,

127 3577 261 3649 quomode
275 3577 360 3649 possit
372 3575 499 3633 Dominus
517 3590 625 3631 earnem
638 3590 715 3633 suam
729 3574 794 3629 dare
802 3574 837 3630 ad
849 3590 923 3629 ntan-

127 3668 297 3737 ducandum,
312 3682 366 3723 nen
379 3667 468 3723 statim
481 3666 610 3721 audiunt:
631 3664 680 3721 sed
699 3665 785 3720 edituo
803 3667 843 3721 eis
854 3664 922 3721 diei·

127 3769 180 3829 tur,
194 3762 285 3827 Amen,
299 3775 372 3814 oeten
383 3759 439 3813 dice
450 3758 532 3824 uobis,
543 3758 593 3813 niti
604 3756 923 3811 nanturiacensem

45 3834 48 3842 ⁴
128 3852 189 3912 rot
201 3850 327 3920 itonrittis,
347 3862 370 3907 et
384 3850 492 3907 trientis
506 3852 561 3922 ejoa
574 3849 740 3921 sangninem,
755 3866 806 3903 aton
820 3844 922 3903 boicii·

127 3940 159 3999 ¹tia
170 3946 248 3999 eitam
261 3944 289 3997 in
304 3943 382 3999 aetia.
391 3940 530 4009 Quomodo
547 3940 654 4013 quidem
676 3939 780 4003 udatur,
800 3946 827 3994 et
847 3940 922 4013 quis·

128 4050 187 4093 uam
200 4034 298 4091 modus
310 4034 346 4091 sit
359 4030 536 4089 manducandi
552 4032 631 4087 istum
652 4048 762 4103 panem,
778 4032 920 4103 ignoratis;

127 4139 312 4185 verumtamen
338 4126 389 4183 nisi
409 4125 617 4183 mondoaoaeritia
635 4141 735 4179 carnem
755 4122 819 4179 Filii
838 4124 920 4181 nentri-

129 4222 180 4291 ttir,
201 4230 227 4279 ct
250 4219 362 4277 biberitis
381 4220 436 4291 aios
457 4219 614 4291 sangninem,
636 4234 687 4273 nen
707 4218 826 4277 tondebitis
846 4222 922 4275 uitem

129 4314 154 4367 in
173 4314 253 4369 rein.
274 4312 337 4367 tter
355 4326 408 4367 neit
427 4312 517 4381 utique
536 4307 724 4377 cadaveribus,
741 4308 787 4365 sed
808 4310 921 4365 viventi-

129 4404 176 4461 bus
191 4404 362 4475 loquebatur.
380 4402 473 4471 Unde,
494 4418 527 4459 ne
548 4402 626 4457 istam
645 4400 724 4457 vitam
746 4400 921 4473 intelligentes

129 4499 201 4555 etde
213 4496 267 4553 bac
284 4512 315 4553 re
333 4496 484 4569 litigarent,
499 4503 605 4553 secutus
621 4494 758 4565 aquarn,
777 4496 827 4563 Qui
847 4490 921 4551 nteit-

130 4588 202 4645 dsrst
223 4604 309 4645 masan
329 4603 440 4651 ιιιιηιιιι,
456 4596 478 4641 et
496 4585 555 4639 bibit
571 4602 653 4641 meere
675 4588 832 4659 sanguinem,
849 4586 922 4641 babet

127 4684 203 4755 ritaeqn
212 4692 345 4739 mennon
358 4680 431 4735 llaec
440 4694 504 4751 ergo
515 4695 566 4735 non
578 4678 669 4746 habet,
678 4679 722 4751 qni
738 4680 815 4735 istum
827 4694 921 4751 panem

128 4773 398 4839 nonmaoducasnee
406 4771 485 4827 istam
494 4770 648 4843 sanguinem
658 4770 723 4825 bibit
735 4788 741 4823 :
752 4787 814 4827 nam
825 4781 924 4843 tompo-

127 4868 209 4923 ralem
219 4862 300 4923 vitam
310 4864 368 4919 siae
377 4860 528 4919 illobabere
538 4862 659 4919 beodries
668 4871 922 4933 pessunt,aetcrnam

126 4972 191 5013 rere
204 4955 316 5014 omniuo
334 4969 388 5009 non
414 4961 534 5025 possum.
558 4953 607 5022 ent
628 4969 692 5025 ergo
712 4969 766 5011 eeu
781 4955 922 5011 manducat

127 5052 185 5123 ejus
197 5065 327 5121 earnem,
341 5064 393 5107 ¹attae
404 5048 470 5105 bibit
484 5048 542 5118 ejus
556 5050 723 5119 sanguinem,
739 5065 792 5105 eon
805 5050 885 5107 lralret
894 5051 922 5106 in

126 5146 248 5199 saritam
263 5160 270 5197 :
285 5141 373 5213 etqui
387 5140 529 5199 mataduoat
540 5140 598 5210 ejus
609 5156 732 5207 earnem,
746 5150 773 5197 ct
787 5142 853 5197 bibit
864 5143 922 5212 ejus

125 5237 302 5309 sauguinem,
318 5234 399 5289 babet
420 5234 513 5289 rium.
536 5233 577 5289 dd
601 5241 742 5303 utromque
766 5240 855 5289 auten
877 5250 922 5291 re-

124 5327 242 5397 spondet
253 5326 326 5399 quod
339 5324 416 5391 dixit,
429 5333 560 5395 otonem.
574 5322 632 5379 Non
647 5323 681 5378 ita
696 5331 737 5379 est
748 5325 774 5379 in
788 5323 838 5379 bac
849 5339 921 5391 esoat,

124 5434 208 5490 qaam
218 5416 404 5475 sustentandae
417 5414 497 5486 hujus
510 5416 663 5487 temporalis
674 5415 735 5469 vitae
746 5430 825 5470 causa
837 5418 921 5469 sumi-

122 5528 198 5569 ruos.
209 5510 280 5569 liam
294 5512 341 5584 qui
353 5524 413 5569 eam
423 5524 476 5567 nee
489 5509 643 5581 sumpserit,
657 5524 711 5567 aon
721 5508 795 5563 rivet
804 5524 811 5559 :
821 5522 871 5563 uec
885 5516 923 5563 ta·

120 5605 315 5677 monnicam
330 5602 573 5675 sumpserimus.
583 5600 656 5659 lieri
666 5602 737 5657 enim
752 5606 873 5668 potestur
882 5614 923 5657 se-

120 5712 185 5767 nn,
197 5698 240 5755 rel
251 5696 366 5765 mnae,
381 5695 526 5767 rolab'quo
545 5710 625 5763 casu,
644 5694 754 5767 pbuimt
764 5701 792 5747 et
804 5708 848 5763 qut
863 5706 923 5749 eam

116 5810 644 5929 §eggiddecemmednmotinueq
664 5812 920 5873 contemmere

110 5934 129 5949 ..
165 5910 177 5941 ¹

977 2656 1057 2705 eamr
1079 2642 1207 2697 continuo
1228 2643 1357 2715 subjecit,
1382 2644 1417 2701 Et
1438 2664 1484 2721 eqo
1503 2652 1656 2707 resnsritnie
1678 2670 1735 2709 ettnt
1748 2656 1774 2711 in

978 2734 1112 2789 novissime
1123 2736 1172 2789 die.
1195 2734 1231 2792 Ut
1244 2734 1340 2793 lrabeat
1363 2739 1471 2795 interim
1492 2740 1637 2806 sectrndum
1651 2744 1772 2817 spiritum

976 2827 1057 2882 vitam
1066 2834 1193 2883 aetertram
1205 2826 1232 2883 in
1243 2828 1344 2901 requie,
1354 2846 1413 2901 qne
1426 2841 1578 2889 sanctornm
1587 2835 1696 2905 spiritus
1710 2851 1771 2893 sus-

977 2920 1040 2988 cipit
1055 2939 1061 2975 :
1077 2916 1147 2993 quod
1169 2930 1258 2977 autem
1281 2921 1313 2977 ad
1334 2938 1432 2993 eorpus
1455 2926 1563 2991 attinet,
1582 2942 1632 2985 nec
1646 2928 1770 2999 ojnsrttn

977 3019 1076 3066 aterna
1099 3010 1248 3081 fraudetur,
1262 3009 1311 3069 sed
1332 3013 1360 3069 iu
1384 3015 1581 3073 resurreetione
1602 3028 1772 3078 mertuorum

978 3099 1187 3162 trovissimodie.

1014 3194 1058 3250 l'l.
1079 3192 1144 3250 Cere
1154 3197 1219 3250 enim
1230 3212 1303 3266 men,
1317 3197 1417 3269 inquit,
1433 3216 1489 3255 ecre
1498 3210 1535 3256 est
1546 3200 1625 3269 cibet,
1636 3211 1659 3258 et
1671 3206 1774 3278 sangine

976 3302 1047 3341 mena
1058 3302 1114 3342 aere
1130 3296 1168 3341 ast
1186 3298 1269 3360 potata.
1292 3284 1359 3343 Cum
1373 3290 1443 3345 enim
1461 3291 1521 3347 eibo
1533 3302 1561 3369 et
1571 3304 1637 3367 potu
1651 3292 1677 3351 id
1690 3310 1773 3371 appe·

977 3384 1032 3433 tarrt
1052 3377 1187 3446 bourines,
1210 3388 1239 3436 ut
1264 3396 1317 3436 non
1341 3383 1476 3450 esuriant,
1496 3402 1581 3458 neque
1600 3386 1707 3458 sitiaut;
1722 3389 1774 3448 boe

975 3472 1105 3525 veraciter
1118 3486 1170 3525 non
1186 3478 1295 3541 praestat
1305 3470 1356 3527 nisi
1371 3474 1422 3528 iste
1436 3474 1512 3531 cibus
1525 3483 1552 3531 et
1565 3487 1642 3547 potus
1652 3522 1659 3547 ,
1671 3481 1716 3551 qni
1726 3498 1774 3539 ees

975 3561 1097 3634 aquibus
1105 3564 1230 3631 sumitur,
1242 3564 1407 3623 immortales
1417 3574 1443 3621 et
1453 3568 1666 3640 lucormptibiles
1680 3573 1771 3645 iacit¹,

975 3657 1000 3712 id
1016 3665 1057 3713 est
1066 3656 1180 3713 societas
1192 3656 1249 3727 ipsa
1267 3666 1436 3727 sanctorum,
1456 3657 1499 3717 ubi
1515 3678 1569 3733 pax
1582 3664 1635 3719 erit
1646 3673 1673 3720 et
1685 3668 1772 3723 unitas

974 3750 1052 3817 plena
1067 3757 1147 3821 atque
1166 3747 1293 3821 perlecta.
1315 3749 1460 3821 Propterea
1478 3752 1594 3826 quippe,
1608 3757 1676 3813 sieut
1690 3760 1770 3815 etiam

974 3849 1036 3895 ante
1054 3854 1104 3895 nos
1126 3840 1176 3896 boc
1198 3838 1385 3897 intellexerunt
1405 3842 1528 3900 homines
1550 3842 1613 3915 Dei,
1641 3845 1770 3905 botniuus

974 3930 1289 3990 nosnrtesnsennnus
1309 3948 1407 4007 corpus
1429 3942 1457 3993 et
1481 3938 1636 4009 sanguinem
1653 3944 1771 4001 suumin

974 4029 1014 4083 eis
1023 4026 1317 4096 rebuscommendavit,
1326 4045 1385 4101 quae
1397 4030 1430 4085 ad
1439 4046 1520 4086 unum
1535 4027 1633 4105 aliquid
1646 4034 1772 4107 redigun-

973 4127 1017 4175 tur
1031 4134 1065 4174 ex
1077 4120 1177 4175 moltis.
1188 4118 1309 4193 Namque
1318 4120 1390 4177 aliud
1399 4120 1426 4177 in
1437 4140 1518 4179 anum
1532 4141 1565 4180 es
1579 4125 1668 4181 multis
1680 4132 1771 4199 granis

974 4213 1056 4268 cottllt
1072 4230 1079 4267 :
1094 4212 1164 4268 aliud
1184 4215 1211 4269 in
1234 4230 1315 4269 unum
1337 4231 1370 4270 ex
1391 4216 1481 4272 multis
1499 4216 1583 4274 acirris
1594 4218 1705 4276 conenit
1720 4218 1770 4294 (a).

1011 4307 1054 4363 18.
1076 4308 1193 4379 [letique
1202 4309 1259 4379 jam
1276 4310 1384 4381 exponit
1403 4313 1537 4383 quomodo
1548 4313 1575 4368 id
1588 4310 1636 4369 bat
1648 4316 1719 4389 quod
1731 4318 1772 4374 io-

973 4399 1074 4469 qnitur,
1088 4398 1189 4469 etquid
1203 4400 1238 4454 sit
1252 4400 1411 4480 manducare
1425 4418 1522 4475 corpus
1532 4402 1607 4476 elus,
1622 4417 1650 4465 et
1665 4410 1772 4481 sangui-

973 4505 1035 4546 nem
1060 4491 1161 4547 bibere.
1188 4491 1239 4558 Qui
1258 4495 1395 4549 tttettducttt
1417 4513 1519 4552 camum
1537 4516 1635 4569 meam,
1660 4512 1684 4557 et
1710 4505 1771 4561 tien

973 4598 1056 4636 nteotn
1067 4582 1229 4654 sangninem,
1242 4584 1269 4637 in
1286 4602 1325 4639 nte
1343 4597 1443 4656 monet,
1456 4600 1481 4643 et
1493 4606 1538 4661 ego
1549 4590 1575 4645 in
1588 4592 1644 4649 iiio.
1662 4592 1717 4651 liec
1729 4609 1771 4652 est

974 4686 1038 4742 ergo
1052 4672 1211 4728 manducare
1226 4673 1297 4729 illam
1312 4691 1401 4730 escam
1413 4718 1421 4743 ,
1434 4687 1461 4735 et
1475 4680 1546 4733 illem
1560 4681 1651 4739 bibere
1663 4693 1767 4756 petum,

974 4763 1001 4819 in
1012 4764 1118 4819 Christe
1131 4779 1254 4832 euertere,
1269 4774 1296 4822 et
1315 4766 1388 4820 illum
1403 4778 1555 4825 manentem
1573 4770 1598 4826 iu
1617 4788 1647 4827 se
1661 4772 1768 4829 trabere.

974 4856 1014 4911 Ae
1028 4870 1076 4925 per
1092 4854 1144 4909 boc
1157 4856 1202 4925 qui
1216 4870 1269 4910 non
1285 4868 1375 4911 manet
1390 4857 1417 4913 in
1428 4858 1550 4927 Christo,
1561 4871 1589 4918 et
1603 4863 1628 4917 in
1646 4879 1699 4933 quo
1715 4879 1769 4918 non

974 4954 1065 5003 manet
1076 4942 1209 5015 Christos,
1221 4947 1312 5017 proont
1324 4948 1405 5004 dubio
1416 4964 1467 5005 neo
1478 4952 1621 5009 mandueat
1635 4953 1770 5027 [spiritua-

975 5038 1046 5113 liter]
1058 5056 1167 5097 careetn
1185 5042 1261 5111 ejus,
1274 5056 1325 5098 nec
1336 5040 1403 5097 bibit
1422 5034 1482 5115 eg‘us
1498 5047 1674 5117 sanguinem,
1693 5044 1770 5121 {lieet

975 5133 1118 5189 carnaliter
1130 5142 1157 5187 et
1167 5132 1306 5189 visibiliter
1316 5144 1422 5205 premat
1430 5135 1553 5193 dentibus
1562 5137 1766 5196 &mementote

974 5225 1095 5296 corperis
1112 5234 1140 5281 ct
1157 5226 1292 5296 sangoinis
1304 5225 1445 5301 christia]
1463 5228 1510 5283 sed
1534 5230 1619 5301 mqis
1637 5238 1719 5288 ιιιιιει
1731 5236 1769 5291 rei

976 5318 1177 5377 Sacramentum
1197 5319 1374 5391 adjudicium
1399 5320 1450 5376 sibi
1474 5320 1617 5379 manducat
1635 5332 1663 5379 et
1684 5324 1769 5397 bibit,

975 5411 1037 5483 quia
1049 5412 1202 5467 imneredus
1226 5413 1395 5484 pannem
1412 5413 1446 5468 ad
1462 5412 1562 5471 Christi
1576 5416 1706 5476 aeoedem
1718 5416 1770 5476 Sa·

975 5510 1130 5569 crementa,
1153 5518 1212 5573 quae
1230 5502 1327 5573 aliquis
1351 5518 1405 5559 non
1428 5504 1506 5577 digne
1526 5507 1626 5577 sumit,
1651 5508 1702 5566 nisi
1724 5513 1770 5582 qui

976 5594 1092 5651 mandas
1111 5604 1168 5661 est3
1188 5594 1332 5665 dequibus
1349 5594 1457 5664 dicium
1478 5594 1749 5659 &memento
