<?xml version="1.0" encoding="UTF-8"?>
<!DOCTYPE html PUBLIC "-//W3C//DTD XHTML 1.0 Transitional//EN"
    "http://www.w3.org/TR/xhtml1/DTD/xhtml1-transitional.dtd">
<html xmlns="http://www.w3.org/1999/xhtml" xml:lang="en" lang="en">
 <head>
  <title>
</title>
<meta http-equiv="Content-Type" content="text/html;charset=utf-8" />
  <meta name='ocr-system' content='tesseract 3.04.00' />
  <meta name='ocr-capabilities' content='ocr_page ocr_carea ocr_par ocr_line ocrx_word'/>
</head>
<body>
  <div class='ocr_page' id='page_1' title='image "./patrologiaecurs143migngoog/patrologiaecurs143migngoog_0541.png"; bbox 0 0 4000 6359; ppageno 0'>
   <div class='ocr_carea' id='block_1_1' title="bbox 149 394 1792 457">
    <p class='ocr_par' dir='ltr' id='par_1_1' title="bbox 149 394 1792 457">
     <span class='ocr_line' id='line_1_1' title="bbox 149 394 1792 457; baseline 0 0"><span class='ocrx_word' id='word_1_1' title='bbox 149 395 221 457; x_wconf 70' lang='lat'>23⁸5</span> <span class='ocrx_word' id='word_1_2' title='bbox 877 394 1061 455; x_wconf 69' lang='lat' dir='ltr'>tremulis.</span> <span class='ocrx_word' id='word_1_3' title='bbox 1719 394 1792 457; x_wconf 61' lang='grc' dir='ltr'><strong>Μ</strong></span> 
     </span>
    </p>
   </div>
   <div class='ocr_carea' id='block_1_2' title="bbox 114 505 1928 2351">
    <p class='ocr_par' dir='ltr' id='par_1_2' title="bbox 116 505 1794 581">
     <span class='ocr_line' id='line_1_2' title="bbox 116 505 1794 581; baseline 0.002 -15"><span class='ocrx_word' id='word_1_4' title='bbox 116 538 124 573; x_wconf 75' lang='lat'>·‚</span> <span class='ocrx_word' id='word_1_5' title='bbox 151 510 225 567; x_wconf 84' lang='lat' dir='ltr'>&#39;lune</span> <span class='ocrx_word' id='word_1_6' title='bbox 244 507 372 579; x_wconf 78' lang='lat' dir='ltr'>precepit</span> <span class='ocrx_word' id='word_1_7' title='bbox 382 505 527 577; x_wconf 87' lang='lat' dir='ltr'>Apostolos</span> <span class='ocrx_word' id='word_1_8' title='bbox 545 520 599 563; x_wconf 91' lang='lat' dir='ltr'>non</span> <span class='ocrx_word' id='word_1_9' title='bbox 614 506 714 563; x_wconf 88' lang='lat' dir='ltr'>debere</span> <span class='ocrx_word' id='word_1_10' title='bbox 732 520 844 563; x_wconf 80' lang='lat' dir='ltr'>uxorem</span> <span class='ocrx_word' id='word_1_11' title='bbox 856 520 871 563; x_wconf 91' lang='lat' dir='ltr'>a</span> <span class='ocrx_word' id='word_1_12' title='bbox 883 508 945 564; x_wconf 84' lang='lat' dir='ltr'>viro</span> <span class='ocrx_word' id='word_1_13' title='bbox 998 508 1104 579; x_wconf 81' lang='lat' dir='ltr'>Quanto</span> <span class='ocrx_word' id='word_1_14' title='bbox 1122 508 1206 581; x_wconf 72' lang='lat' dir='ltr'>magis</span> <span class='ocrx_word' id='word_1_15' title='bbox 1218 508 1245 565; x_wconf 92' lang='lat' dir='ltr'>in</span> <span class='ocrx_word' id='word_1_16' title='bbox 1269 506 1316 566; x_wconf 85' lang='lat' dir='ltr'>liei</span> <span class='ocrx_word' id='word_1_17' title='bbox 1328 506 1438 565; x_wconf 72' lang='lat' dir='ltr'>causis?</span> <span class='ocrx_word' id='word_1_18' title='bbox 1460 508 1500 565; x_wconf 90' lang='lat' dir='ltr'>Ae</span> <span class='ocrx_word' id='word_1_19' title='bbox 1512 522 1562 581; x_wconf 90' lang='lat' dir='ltr'>per</span> <span class='ocrx_word' id='word_1_20' title='bbox 1584 508 1636 567; x_wconf 91' lang='lat' dir='ltr'>hoc</span> <span class='ocrx_word' id='word_1_21' title='bbox 1647 509 1794 569; x_wconf 84' lang='lat' dir='ltr'>antistitem</span> 
     </span>
    </p>

    <p class='ocr_par' dir='ltr' id='par_1_3' title="bbox 114 576 1928 2351">
     <span class='ocr_line' id='line_1_3' title="bbox 114 576 1794 653; baseline 0.001 -17"><span class='ocrx_word' id='word_1_22' title='bbox 114 578 121 636; x_wconf 77' lang='grc' dir='ltr'>ἰ</span> <span class='ocrx_word' id='word_1_23' title='bbox 151 578 368 639; x_wconf 79' lang='lat' dir='ltr'>recederezeum</span> <span class='ocrx_word' id='word_1_24' title='bbox 378 578 502 635; x_wconf 89' lang='lat' dir='ltr'>hahuerit</span> <span class='ocrx_word' id='word_1_25' title='bbox 511 578 679 635; x_wconf 87' lang='lat' dir='ltr'>occasionem</span> <span class='ocrx_word' id='word_1_26' title='bbox 688 576 837 645; x_wconf 87' lang='lat' dir='ltr'>dicendi,ei</span> <span class='ocrx_word' id='word_1_27' title='bbox 849 579 945 635; x_wconf 86' lang='lat' dir='ltr'>scisset</span> <span class='ocrx_word' id='word_1_28' title='bbox 996 582 1057 651; x_wconf 77' lang='lat' dir='ltr'>ojus</span> <span class='ocrx_word' id='word_1_29' title='bbox 1075 580 1209 651; x_wconf 90' lang='lat' dir='ltr'>puriorem</span> <span class='ocrx_word' id='word_1_30' title='bbox 1221 582 1325 636; x_wconf 78' lang='lat' dir='ltr'>ceteris</span> <span class='ocrx_word' id='word_1_31' title='bbox 1334 596 1395 637; x_wconf 87' lang='lat' dir='ltr'>esse</span> <span class='ocrx_word' id='word_1_32' title='bbox 1407 578 1630 651; x_wconf 80' lang='lat' dir='ltr'>oporteteipsius</span> <span class='ocrx_word' id='word_1_33' title='bbox 1642 582 1714 637; x_wconf 92' lang='lat' dir='ltr'>enim</span> <span class='ocrx_word' id='word_1_34' title='bbox 1729 597 1794 653; x_wconf 88' lang='lat' dir='ltr'>per·</span> 
     </span>
     <span class='ocr_line' id='line_1_4' title="bbox 150 648 1797 723; baseline 0.001 -15"><span class='ocrx_word' id='word_1_35' title='bbox 150 648 946 720; x_wconf 77' lang='lat' dir='ltr'>sicdocendum,uoulicerenubere3quomodoquodsibiuon</span> <span class='ocrx_word' id='word_1_36' title='bbox 998 666 1092 708; x_wconf 92' lang='lat' dir='ltr'>sonam</span> <span class='ocrx_word' id='word_1_37' title='bbox 1110 650 1210 707; x_wconf 91' lang='lat' dir='ltr'>habere</span> <span class='ocrx_word' id='word_1_38' title='bbox 1231 652 1357 719; x_wconf 80' lang='lat' dir='ltr'>uidetur,</span> <span class='ocrx_word' id='word_1_39' title='bbox 1372 658 1415 707; x_wconf 84' lang='lat' dir='ltr'>eet</span> <span class='ocrx_word' id='word_1_40' title='bbox 1437 652 1510 708; x_wconf 92' lang='lat' dir='ltr'>enim</span> <span class='ocrx_word' id='word_1_41' title='bbox 1533 651 1649 707; x_wconf 82' lang='lat' dir='ltr'>vicarius</span> <span class='ocrx_word' id='word_1_42' title='bbox 1671 652 1729 723; x_wconf 81' lang='lat' dir='ltr'>eius</span> <span class='ocrx_word' id='word_1_43' title='bbox 1743 672 1751 709; x_wconf 71' lang='grc' dir='ltr'>ι</span> <span class='ocrx_word' id='word_1_44' title='bbox 1765 662 1797 710; x_wconf 93' lang='lat' dir='ltr'>ut</span> 
     </span>
     <span class='ocr_line' id='line_1_5' title="bbox 150 720 1795 794; baseline 0.001 -16"><span class='ocrx_word' id='word_1_45' title='bbox 150 724 184 779; x_wconf 87' lang='lat' dir='ltr'>sil</span> <span class='ocrx_word' id='word_1_46' title='bbox 194 720 332 789; x_wconf 92' lang='lat' dir='ltr'>traditum,</span> <span class='ocrx_word' id='word_1_47' title='bbox 342 722 480 777; x_wconf 85' lang='lat' dir='ltr'>docerese</span> <span class='ocrx_word' id='word_1_48' title='bbox 491 736 545 776; x_wconf 93' lang='lat' dir='ltr'>non</span> <span class='ocrx_word' id='word_1_49' title='bbox 554 735 632 791; x_wconf 89' lang='lat' dir='ltr'>posse</span> <span class='ocrx_word' id='word_1_50' title='bbox 641 720 767 777; x_wconf 88' lang='lat' dir='ltr'>ostendit.</span> <span class='ocrx_word' id='word_1_51' title='bbox 782 720 847 787; x_wconf 82' lang='lat' dir='ltr'>Quis</span> <span class='ocrx_word' id='word_1_52' title='bbox 856 730 947 777; x_wconf 65' lang='lat' dir='ltr'>auom</span> <span class='ocrx_word' id='word_1_53' title='bbox 997 722 1070 793; x_wconf 92' lang='lat' dir='ltr'>quod</span> <span class='ocrx_word' id='word_1_54' title='bbox 1082 722 1187 777; x_wconf 77' lang='lat' dir='ltr'>ceteris</span> <span class='ocrx_word' id='word_1_55' title='bbox 1199 722 1271 788; x_wconf 89' lang='lat' dir='ltr'>licet,</span> <span class='ocrx_word' id='word_1_56' title='bbox 1288 722 1325 777; x_wconf 90' lang='lat' dir='ltr'>illi</span> <span class='ocrx_word' id='word_1_57' title='bbox 1349 737 1403 777; x_wconf 92' lang='lat' dir='ltr'>non</span> <span class='ocrx_word' id='word_1_58' title='bbox 1416 722 1512 790; x_wconf 63' lang='lat' dir='ltr'>liceum</span> <span class='ocrx_word' id='word_1_59' title='bbox 1536 724 1596 794; x_wconf 91' lang='lat' dir='ltr'>quia</span> <span class='ocrx_word' id='word_1_60' title='bbox 1612 736 1723 779; x_wconf 86' lang='lat' dir='ltr'>necesse</span> <span class='ocrx_word' id='word_1_61' title='bbox 1743 724 1795 779; x_wconf 90' lang='lat' dir='ltr'>ha·</span> 
     </span>
     <span class='ocr_line' id='line_1_6' title="bbox 151 792 1795 865; baseline 0 -16"><span class='ocrx_word' id='word_1_62' title='bbox 151 793 343 865; x_wconf 87' lang='lat' dir='ltr'>discipulorom</span> <span class='ocrx_word' id='word_1_63' title='bbox 358 792 467 849; x_wconf 88' lang='lat' dir='ltr'>doceret</span> <span class='ocrx_word' id='word_1_64' title='bbox 479 792 551 861; x_wconf 94' lang='lat' dir='ltr'>quod</span> <span class='ocrx_word' id='word_1_65' title='bbox 568 806 584 847; x_wconf 92' lang='lat' dir='ltr'>a</span> <span class='ocrx_word' id='word_1_66' title='bbox 598 793 726 864; x_wconf 71' lang='lat' dir='ltr'>magistro</span> <span class='ocrx_word' id='word_1_67' title='bbox 748 792 873 849; x_wconf 68' lang='lat' dir='ltr'>deditum</span> <span class='ocrx_word' id='word_1_68' title='bbox 891 808 946 848; x_wconf 94' lang='lat' dir='ltr'>non</span> <span class='ocrx_word' id='word_1_69' title='bbox 997 793 1062 851; x_wconf 90' lang='lat' dir='ltr'>beat</span> <span class='ocrx_word' id='word_1_70' title='bbox 1074 793 1192 864; x_wconf 77' lang='lat' dir='ltr'>quotidie</span> <span class='ocrx_word' id='word_1_71' title='bbox 1203 792 1302 849; x_wconf 85' lang='lat' dir='ltr'>Christi</span> <span class='ocrx_word' id='word_1_72' title='bbox 1315 792 1400 849; x_wconf 84' lang='lat' dir='ltr'>ricem</span> <span class='ocrx_word' id='word_1_73' title='bbox 1413 807 1503 863; x_wconf 73' lang='lat' dir='ltr'>agere,</span> <span class='ocrx_word' id='word_1_74' title='bbox 1524 802 1570 849; x_wconf 86' lang='lat' dir='ltr'>aut</span> <span class='ocrx_word' id='word_1_75' title='bbox 1582 807 1661 849; x_wconf 90' lang='lat' dir='ltr'>orare</span> <span class='ocrx_word' id='word_1_76' title='bbox 1674 808 1723 865; x_wconf 92' lang='lat' dir='ltr'>pro</span> <span class='ocrx_word' id='word_1_77' title='bbox 1744 810 1795 865; x_wconf 92' lang='lat' dir='ltr'>po·</span> 
     </span>
     <span class='ocr_line' id='line_1_7' title="bbox 151 860 1797 936; baseline 0 -16"><span class='ocrx_word' id='word_1_78' title='bbox 151 864 211 920; x_wconf 79' lang='lat' dir='ltr'>esti</span> <span class='ocrx_word' id='word_1_79' title='bbox 226 863 273 919; x_wconf 81' lang='lat' dir='ltr'>Vel</span> <span class='ocrx_word' id='word_1_80' title='bbox 294 862 354 934; x_wconf 89' lang='lat' dir='ltr'>quis</span> <span class='ocrx_word' id='word_1_81' title='bbox 367 878 421 919; x_wconf 91' lang='lat' dir='ltr'>non</span> <span class='ocrx_word' id='word_1_82' title='bbox 441 862 532 919; x_wconf 85' lang='lat' dir='ltr'>audiat</span> <span class='ocrx_word' id='word_1_83' title='bbox 544 862 734 934; x_wconf 67' lang='lat' dir='ltr'>praedicantem</span> <span class='ocrx_word' id='word_1_84' title='bbox 750 880 757 917; x_wconf 92' lang='lat'>:</span> <span class='ocrx_word' id='word_1_85' title='bbox 774 860 839 919; x_wconf 83' lang='lat' dir='ltr'>Volo</span> <span class='ocrx_word' id='word_1_86' title='bbox 859 864 947 919; x_wconf 84' lang='lat' dir='ltr'>adole-</span> <span class='ocrx_word' id='word_1_87' title='bbox 998 864 1073 936; x_wconf 95' lang='lat' dir='ltr'>pulo,</span> <span class='ocrx_word' id='word_1_88' title='bbox 1087 872 1134 921; x_wconf 89' lang='lat' dir='ltr'>aut</span> <span class='ocrx_word' id='word_1_89' title='bbox 1155 862 1262 929; x_wconf 87' lang='lat' dir='ltr'>ollcrre,</span> <span class='ocrx_word' id='word_1_90' title='bbox 1287 872 1334 919; x_wconf 90' lang='lat' dir='ltr'>aut</span> <span class='ocrx_word' id='word_1_91' title='bbox 1351 868 1465 935; x_wconf 75' lang='lat' dir='ltr'>tingere.</span> <span class='ocrx_word' id='word_1_92' title='bbox 1492 863 1526 919; x_wconf 85' lang='lat' dir='ltr'>iit</span> <span class='ocrx_word' id='word_1_93' title='bbox 1547 878 1600 919; x_wconf 88' lang='lat' dir='ltr'>uon</span> <span class='ocrx_word' id='word_1_94' title='bbox 1625 865 1711 920; x_wconf 83' lang='lat' dir='ltr'>sulum</span> <span class='ocrx_word' id='word_1_95' title='bbox 1733 863 1797 921; x_wconf 92' lang='lat' dir='ltr'>huic</span> 
     </span>
     <span class='ocr_line' id='line_1_8' title="bbox 149 932 1795 1009; baseline -0.001 -18"><span class='ocrx_word' id='word_1_96' title='bbox 149 935 275 991; x_wconf 67' lang='lat' dir='ltr'>modulos</span> <span class='ocrx_word' id='word_1_97' title='bbox 287 934 389 994; x_wconf 72' lang='lat' dir='ltr'>euhoe.</span> <span class='ocrx_word' id='word_1_98' title='bbox 412 934 479 1003; x_wconf 70' lang='lat' dir='ltr'>filios</span> <span class='ocrx_word' id='word_1_99' title='bbox 499 950 632 1003; x_wconf 76' lang='lat' dir='ltr'>proermre</span> <span class='ocrx_word' id='word_1_100' title='bbox 646 932 670 1009; x_wconf 82' lang='lat' dir='ltr'>(l</span> <span class='ocrx_word' id='word_1_101' title='bbox 682 932 748 987; x_wconf 87' lang='lat' dir='ltr'>Tim.</span> <span class='ocrx_word' id='word_1_102' title='bbox 769 950 795 996; x_wconf 87' lang='grc' dir='ltr'>ι,</span> <span class='ocrx_word' id='word_1_103' title='bbox 811 933 879 1007; x_wconf 77' lang='lat' dir='ltr'>tell</span> <span class='ocrx_word' id='word_1_104' title='bbox 894 934 948 991; x_wconf 87' lang='lat' dir='ltr'>Sed</span> <span class='ocrx_word' id='word_1_105' title='bbox 998 934 1156 993; x_wconf 74' lang='lat' dir='ltr'>concubitus</span> <span class='ocrx_word' id='word_1_106' title='bbox 1176 950 1229 991; x_wconf 94' lang='lat' dir='ltr'>non</span> <span class='ocrx_word' id='word_1_107' title='bbox 1255 934 1324 1001; x_wconf 89' lang='lat' dir='ltr'>lieet,</span> <span class='ocrx_word' id='word_1_108' title='bbox 1346 950 1440 991; x_wconf 81' lang='lat' dir='ltr'>uerum</span> <span class='ocrx_word' id='word_1_109' title='bbox 1462 935 1543 991; x_wconf 73' lang='lat' dir='ltr'>ctum</span> <span class='ocrx_word' id='word_1_110' title='bbox 1568 934 1690 991; x_wconf 87' lang='lat' dir='ltr'>ministro</span> <span class='ocrx_word' id='word_1_111' title='bbox 1716 936 1795 1005; x_wconf 81' lang='lat' dir='ltr'>ejus:</span> 
     </span>
     <span class='ocr_line' id='line_1_9' title="bbox 149 1002 1797 1079; baseline 0 -18"><span class='ocrx_word' id='word_1_112' title='bbox 149 1004 220 1061; x_wconf 88' lang='lat' dir='ltr'>lorle</span> <span class='ocrx_word' id='word_1_113' title='bbox 232 1005 338 1061; x_wconf 79' lang='lat' dir='ltr'>dicetur</span> <span class='ocrx_word' id='word_1_114' title='bbox 352 1023 359 1060; x_wconf 75' lang='grc' dir='ltr'>ε</span> <span class='ocrx_word' id='word_1_115' title='bbox 373 1002 403 1061; x_wconf 82' lang='lat' dir='ltr'>Si</span> <span class='ocrx_word' id='word_1_116' title='bbox 415 1004 475 1061; x_wconf 89' lang='lat' dir='ltr'>lieet</span> <span class='ocrx_word' id='word_1_117' title='bbox 496 1014 523 1060; x_wconf 88' lang='lat' dir='ltr'>et</span> <span class='ocrx_word' id='word_1_118' title='bbox 535 1005 637 1061; x_wconf 66' lang='lat' dir='ltr'>meum</span> <span class='ocrx_word' id='word_1_119' title='bbox 654 1014 696 1061; x_wconf 89' lang='lat' dir='ltr'>est</span> <span class='ocrx_word' id='word_1_120' title='bbox 709 1006 821 1072; x_wconf 90' lang='lat' dir='ltr'>nubere,</span> <span class='ocrx_word' id='word_1_121' title='bbox 842 1021 946 1063; x_wconf 86' lang='lat' dir='ltr'>cursa-</span> <span class='ocrx_word' id='word_1_122' title='bbox 997 1007 1059 1079; x_wconf 91' lang='lat' dir='ltr'>quia</span> <span class='ocrx_word' id='word_1_123' title='bbox 1079 1007 1136 1076; x_wconf 91' lang='lat' dir='ltr'>ipse</span> <span class='ocrx_word' id='word_1_124' title='bbox 1155 1005 1279 1062; x_wconf 82' lang='lat' dir='ltr'>mundior</span> <span class='ocrx_word' id='word_1_125' title='bbox 1291 1006 1371 1063; x_wconf 91' lang='lat' dir='ltr'>debet</span> <span class='ocrx_word' id='word_1_126' title='bbox 1391 1020 1461 1073; x_wconf 89' lang='lat' dir='ltr'>esse,</span> <span class='ocrx_word' id='word_1_127' title='bbox 1476 1005 1537 1077; x_wconf 87' lang='lat' dir='ltr'>quia</span> <span class='ocrx_word' id='word_1_128' title='bbox 1551 1012 1642 1061; x_wconf 90' lang='lat' dir='ltr'>saneta</span> <span class='ocrx_word' id='word_1_129' title='bbox 1662 1015 1725 1061; x_wconf 87' lang='lat' dir='ltr'>suut</span> <span class='ocrx_word' id='word_1_130' title='bbox 1737 1020 1797 1077; x_wconf 77' lang='lat' dir='ltr'>quaa</span> 
     </span>
     <span class='ocr_line' id='line_1_10' title="bbox 149 1074 1835 1161; baseline -0.001 -29"><span class='ocrx_word' id='word_1_131' title='bbox 149 1076 305 1133; x_wconf 85' lang='lat' dir='ltr'>cerdolibus</span> <span class='ocrx_word' id='word_1_132' title='bbox 316 1091 370 1131; x_wconf 90' lang='lat' dir='ltr'>uon</span> <span class='ocrx_word' id='word_1_133' title='bbox 384 1075 447 1131; x_wconf 84' lang='lat' dir='ltr'>licet</span> <span class='ocrx_word' id='word_1_134' title='bbox 457 1092 554 1133; x_wconf 81' lang='lat' dir='ltr'>uxores</span> <span class='ocrx_word' id='word_1_135' title='bbox 567 1076 686 1133; x_wconf 73' lang='lat' dir='ltr'>hahere?</span> <span class='ocrx_word' id='word_1_136' title='bbox 697 1074 725 1131; x_wconf 89' lang='lat' dir='ltr'>id</span> <span class='ocrx_word' id='word_1_137' title='bbox 738 1085 790 1143; x_wconf 87' lang='lat' dir='ltr'>est,</span> <span class='ocrx_word' id='word_1_138' title='bbox 803 1077 948 1134; x_wconf 87' lang='lat' dir='ltr'>utordina·</span> <span class='ocrx_word' id='word_1_139' title='bbox 998 1078 1143 1137; x_wconf 88' lang='lat' dir='ltr'>ministrat.</span> <span class='ocrx_word' id='word_1_140' title='bbox 1166 1076 1232 1132; x_wconf 89' lang='lat' dir='ltr'>Nam</span> <span class='ocrx_word' id='word_1_141' title='bbox 1246 1077 1315 1133; x_wconf 89' lang='lat' dir='ltr'>sicut</span> <span class='ocrx_word' id='word_1_142' title='bbox 1336 1076 1371 1131; x_wconf 90' lang='lat' dir='ltr'>ad</span> <span class='ocrx_word' id='word_1_143' title='bbox 1384 1076 1612 1147; x_wconf 87' lang='lat' dir='ltr'>comparationem</span> <span class='ocrx_word' id='word_1_144' title='bbox 1626 1076 1741 1131; x_wconf 72' lang='lat' dir='ltr'>lucernae</span> <span class='ocrx_word' id='word_1_145' title='bbox 1755 1087 1797 1131; x_wconf 86' lang='lat' dir='ltr'>te·</span> <span class='ocrx_word' id='word_1_146' title='bbox 1822 1102 1835 1161; x_wconf 56' lang='lat' dir='ltr'>g</span> 
     </span>
     <span class='ocr_line' id='line_1_11' title="bbox 149 1146 1836 1233; baseline -0.001 -30"><span class='ocrx_word' id='word_1_147' title='bbox 149 1147 247 1217; x_wconf 81' lang='lat' dir='ltr'>tisiam</span> <span class='ocrx_word' id='word_1_148' title='bbox 261 1162 315 1203; x_wconf 90' lang='lat' dir='ltr'>nou</span> <span class='ocrx_word' id='word_1_149' title='bbox 326 1146 405 1202; x_wconf 88' lang='lat' dir='ltr'>liceat</span> <span class='ocrx_word' id='word_1_150' title='bbox 414 1148 575 1203; x_wconf 78' lang='lat' dir='ltr'>conuenire?</span> <span class='ocrx_word' id='word_1_151' title='bbox 588 1148 653 1214; x_wconf 77' lang='lat' dir='ltr'>Quis</span> <span class='ocrx_word' id='word_1_152' title='bbox 662 1148 764 1231; x_wconf 76' lang='lat' dir='ltr'>nesciat</span> <span class='ocrx_word' id='word_1_153' title='bbox 775 1147 947 1233; x_wconf 84' lang='lat' dir='ltr'>unumquod·</span> <span class='ocrx_word' id='word_1_154' title='bbox 998 1149 1090 1205; x_wconf 75' lang='lat' dir='ltr'>hebrae</span> <span class='ocrx_word' id='word_1_155' title='bbox 1112 1164 1164 1205; x_wconf 92' lang='lat' dir='ltr'>non</span> <span class='ocrx_word' id='word_1_156' title='bbox 1178 1155 1281 1231; x_wconf 73' lang='lat' dir='ltr'>tantum</span> <span class='ocrx_word' id='word_1_157' title='bbox 1293 1148 1426 1215; x_wconf 84' lang='lat' dir='ltr'>obscurae,</span> <span class='ocrx_word' id='word_1_158' title='bbox 1439 1148 1486 1203; x_wconf 88' lang='lat' dir='ltr'>sed</span> <span class='ocrx_word' id='word_1_159' title='bbox 1501 1149 1581 1203; x_wconf 90' lang='lat' dir='ltr'>etiam</span> <span class='ocrx_word' id='word_1_160' title='bbox 1595 1146 1796 1229; x_wconf 74' lang='lat' dir='ltr'>sordidassent,</span> <span class='ocrx_word' id='word_1_161' title='bbox 1826 1178 1836 1193; x_wconf 57' lang='grc' dir='ltr'>«ι</span> 
     </span>
     <span class='ocr_line' id='line_1_12' title="bbox 148 1216 1928 1371; baseline 0 -27"><span class='ocrx_word' id='word_1_162' title='bbox 148 1218 948 1371; x_wconf 60' lang='lat' dir='ltr'>trebelliul&#39;lillidlfidelioris</span> <span class='ocrx_word' id='word_1_163' title='bbox 999 1218 1281 1356; x_wconf 63' lang='lat' dir='ltr'>{ifli&#39;tdltlil</span> <span class='ocrx_word' id='word_1_164' title='bbox 1299 1216 1797 1371; x_wconf 64' lang='lat' dir='ltr'>illd,tillitdd&#39;luitltl</span> <span class='ocrx_word' id='word_1_165' title='bbox 1926 1302 1928 1307; x_wconf 94' lang='lat'>-</span> 
     </span>
     <span class='ocr_line' id='line_1_13' title="bbox 160 1359 1796 1432; baseline -0.001 -17"><span class='ocrx_word' id='word_1_166' title='bbox 160 1366 222 1423; x_wconf 85' lang='lat' dir='ltr'>rect,</span> <span class='ocrx_word' id='word_1_167' title='bbox 235 1368 265 1417; x_wconf 90' lang='lat' dir='ltr'>et</span> <span class='ocrx_word' id='word_1_168' title='bbox 279 1359 339 1415; x_wconf 88' lang='lat' dir='ltr'>alus</span> <span class='ocrx_word' id='word_1_169' title='bbox 353 1374 407 1415; x_wconf 91' lang='lat' dir='ltr'>non</span> <span class='ocrx_word' id='word_1_170' title='bbox 423 1361 485 1415; x_wconf 90' lang='lat' dir='ltr'>lieet</span> <span class='ocrx_word' id='word_1_171' title='bbox 498 1378 505 1413; x_wconf 75' lang='grc' dir='ltr'>ε</span> <span class='ocrx_word' id='word_1_172' title='bbox 520 1368 548 1415; x_wconf 89' lang='lat' dir='ltr'>et</span> <span class='ocrx_word' id='word_1_173' title='bbox 569 1368 611 1415; x_wconf 86' lang='lat' dir='ltr'>eat</span> <span class='ocrx_word' id='word_1_174' title='bbox 632 1360 704 1431; x_wconf 91' lang='lat' dir='ltr'>quud</span> <span class='ocrx_word' id='word_1_175' title='bbox 717 1359 860 1432; x_wconf 86' lang='lat' dir='ltr'>aliquando</span> <span class='ocrx_word' id='word_1_176' title='bbox 874 1360 946 1426; x_wconf 91' lang='lat' dir='ltr'>lieet,</span> <span class='ocrx_word' id='word_1_177' title='bbox 998 1371 1073 1430; x_wconf 86' lang='lat' dir='ltr'>sunt,</span> <span class='ocrx_word' id='word_1_178' title='bbox 1088 1362 1121 1416; x_wconf 90' lang='lat' dir='ltr'>ad</span> <span class='ocrx_word' id='word_1_179' title='bbox 1134 1360 1181 1417; x_wconf 83' lang='lat' dir='ltr'>Dei</span> <span class='ocrx_word' id='word_1_180' title='bbox 1196 1370 1286 1417; x_wconf 89' lang='lat' dir='ltr'>autem</span> <span class='ocrx_word' id='word_1_181' title='bbox 1299 1360 1446 1416; x_wconf 74' lang='lat' dir='ltr'>claritatem</span> <span class='ocrx_word' id='word_1_182' title='bbox 1460 1359 1500 1415; x_wconf 87' lang='lat' dir='ltr'>sol</span> <span class='ocrx_word' id='word_1_183' title='bbox 1514 1374 1568 1416; x_wconf 85' lang='lat' dir='ltr'>nox</span> <span class='ocrx_word' id='word_1_184' title='bbox 1579 1366 1620 1415; x_wconf 88' lang='lat' dir='ltr'>est</span> <span class='ocrx_word' id='word_1_185' title='bbox 1632 1376 1639 1413; x_wconf 78' lang='lat' dir='ltr'>a</span> <span class='ocrx_word' id='word_1_186' title='bbox 1651 1368 1688 1413; x_wconf 82' lang='grc' dir='ltr'>ιιι</span> <span class='ocrx_word' id='word_1_187' title='bbox 1698 1368 1725 1415; x_wconf 92' lang='lat' dir='ltr'>et</span> <span class='ocrx_word' id='word_1_188' title='bbox 1734 1373 1796 1429; x_wconf 77' lang='lat' dir='ltr'>quae</span> 
     </span>
     <span class='ocr_line' id='line_1_14' title="bbox 147 1428 1918 1501; baseline -0.001 -16"><span class='ocrx_word' id='word_1_189' title='bbox 147 1436 177 1485; x_wconf 91' lang='lat' dir='ltr'>et</span> <span class='ocrx_word' id='word_1_190' title='bbox 187 1429 334 1501; x_wconf 87' lang='lat' dir='ltr'>aliquando</span> <span class='ocrx_word' id='word_1_191' title='bbox 344 1431 479 1487; x_wconf 90' lang='lat' dir='ltr'>nonlicet.</span> <span class='ocrx_word' id='word_1_192' title='bbox 494 1430 632 1487; x_wconf 81' lang='lat' dir='ltr'>Fornicari</span> <span class='ocrx_word' id='word_1_193' title='bbox 644 1431 767 1488; x_wconf 89' lang='lat' dir='ltr'>omnibus</span> <span class='ocrx_word' id='word_1_194' title='bbox 777 1446 884 1501; x_wconf 83' lang='lat' dir='ltr'>sempor</span> <span class='ocrx_word' id='word_1_195' title='bbox 894 1447 947 1487; x_wconf 93' lang='lat' dir='ltr'>non</span> <span class='ocrx_word' id='word_1_196' title='bbox 998 1432 1033 1488; x_wconf 89' lang='lat' dir='ltr'>ad</span> <span class='ocrx_word' id='word_1_197' title='bbox 1044 1448 1094 1487; x_wconf 87' lang='lat' dir='ltr'>uos</span> <span class='ocrx_word' id='word_1_198' title='bbox 1107 1432 1179 1487; x_wconf 86' lang='lat' dir='ltr'>licita</span> <span class='ocrx_word' id='word_1_199' title='bbox 1193 1440 1220 1487; x_wconf 92' lang='lat' dir='ltr'>et</span> <span class='ocrx_word' id='word_1_200' title='bbox 1231 1430 1330 1487; x_wconf 85' lang='lat' dir='ltr'>nrurrda</span> <span class='ocrx_word' id='word_1_201' title='bbox 1346 1440 1418 1497; x_wconf 86' lang='lat' dir='ltr'>sunt,</span> <span class='ocrx_word' id='word_1_202' title='bbox 1432 1430 1466 1485; x_wconf 89' lang='lat' dir='ltr'>ad</span> <span class='ocrx_word' id='word_1_203' title='bbox 1478 1430 1626 1486; x_wconf 79' lang='lat' dir='ltr'>llei&#39;autem</span> <span class='ocrx_word' id='word_1_204' title='bbox 1640 1428 1799 1499; x_wconf 79' lang='lat' dir='ltr'>dignitatem</span> <span class='ocrx_word' id='word_1_205' title='bbox 1915 1442 1918 1449; x_wconf 87' lang='grc'><strong>’</strong></span> 
     </span>
     <span class='ocr_line' id='line_1_15' title="bbox 148 1498 1798 1574; baseline 0 -21"><span class='ocrx_word' id='word_1_206' title='bbox 148 1500 214 1557; x_wconf 88' lang='lat' dir='ltr'>lieet</span> <span class='ocrx_word' id='word_1_207' title='bbox 231 1519 238 1557; x_wconf 78' lang='grc' dir='ltr'>ι</span> <span class='ocrx_word' id='word_1_208' title='bbox 252 1502 382 1572; x_wconf 77' lang='lat' dir='ltr'>negotiari</span> <span class='ocrx_word' id='word_1_209' title='bbox 401 1517 466 1557; x_wconf 88' lang='lat' dir='ltr'>uero</span> <span class='ocrx_word' id='word_1_210' title='bbox 479 1502 621 1573; x_wconf 86' lang='lat' dir='ltr'>aliquando</span> <span class='ocrx_word' id='word_1_211' title='bbox 642 1502 714 1568; x_wconf 86' lang='lat' dir='ltr'>lieet,</span> <span class='ocrx_word' id='word_1_212' title='bbox 736 1501 880 1573; x_wconf 86' lang='lat' dir='ltr'>aliquando</span> <span class='ocrx_word' id='word_1_213' title='bbox 893 1518 947 1560; x_wconf 94' lang='lat' dir='ltr'>non</span> <span class='ocrx_word' id='word_1_214' title='bbox 998 1504 1074 1574; x_wconf 79' lang='lat' dir='ltr'>qussi</span> <span class='ocrx_word' id='word_1_215' title='bbox 1088 1502 1177 1558; x_wconf 87' lang='lat' dir='ltr'>illicita</span> <span class='ocrx_word' id='word_1_216' title='bbox 1192 1508 1220 1558; x_wconf 90' lang='lat' dir='ltr'>et</span> <span class='ocrx_word' id='word_1_217' title='bbox 1234 1502 1370 1557; x_wconf 85' lang='lat' dir='ltr'>immttnda</span> <span class='ocrx_word' id='word_1_218' title='bbox 1384 1510 1465 1565; x_wconf 79' lang='grc' dir='ltr'>ιιιιιις</span> <span class='ocrx_word' id='word_1_219' title='bbox 1479 1514 1631 1571; x_wconf 88' lang='lat' dir='ltr'>quanquam</span> <span class='ocrx_word' id='word_1_220' title='bbox 1643 1500 1715 1555; x_wconf 91' lang='lat' dir='ltr'>enim</span> <span class='ocrx_word' id='word_1_221' title='bbox 1728 1498 1798 1555; x_wconf 85' lang='lat' dir='ltr'>bona</span> 
     </span>
     <span class='ocr_line' id='line_1_16' title="bbox 147 1568 1799 1643; baseline -0.004 -14"><span class='ocrx_word' id='word_1_222' title='bbox 147 1573 224 1629; x_wconf 85' lang='lat' dir='ltr'>lieet.</span> <span class='ocrx_word' id='word_1_223' title='bbox 239 1573 390 1642; x_wconf 73' lang='lat' dir='ltr'>Antequam</span> <span class='ocrx_word' id='word_1_224' title='bbox 405 1572 477 1628; x_wconf 88' lang='lat' dir='ltr'>euim</span> <span class='ocrx_word' id='word_1_225' title='bbox 489 1573 687 1629; x_wconf 85' lang='lat' dir='ltr'>ecclesiasticus</span> <span class='ocrx_word' id='word_1_226' title='bbox 701 1574 761 1643; x_wconf 86' lang='lat' dir='ltr'>quis</span> <span class='ocrx_word' id='word_1_227' title='bbox 780 1574 825 1639; x_wconf 88' lang='lat' dir='ltr'>sit,</span> <span class='ocrx_word' id='word_1_228' title='bbox 848 1572 910 1629; x_wconf 89' lang='lat' dir='ltr'>iicet</span> <span class='ocrx_word' id='word_1_229' title='bbox 921 1575 948 1630; x_wconf 89' lang='lat' dir='ltr'>oi</span> <span class='ocrx_word' id='word_1_230' title='bbox 998 1581 1070 1639; x_wconf 91' lang='lat' dir='ltr'>sunt,</span> <span class='ocrx_word' id='word_1_231' title='bbox 1085 1574 1133 1629; x_wconf 86' lang='lat' dir='ltr'>Dei</span> <span class='ocrx_word' id='word_1_232' title='bbox 1153 1581 1244 1629; x_wconf 91' lang='lat' dir='ltr'>tamen</span> <span class='ocrx_word' id='word_1_233' title='bbox 1265 1588 1385 1643; x_wconf 86' lang='lat' dir='ltr'>personae</span> <span class='ocrx_word' id='word_1_234' title='bbox 1408 1586 1462 1628; x_wconf 89' lang='lat' dir='ltr'>nun</span> <span class='ocrx_word' id='word_1_235' title='bbox 1477 1578 1642 1641; x_wconf 89' lang='lat' dir='ltr'>competunt.</span> <span class='ocrx_word' id='word_1_236' title='bbox 1665 1568 1799 1641; x_wconf 84' lang='lat' dir='ltr'>Numquid</span> 
     </span>
     <span class='ocr_line' id='line_1_17' title="bbox 147 1640 1800 1726; baseline -0.002 -29"><span class='ocrx_word' id='word_1_237' title='bbox 147 1642 280 1714; x_wconf 65' lang='lat' dir='ltr'>negotiari</span> <span class='ocrx_word' id='word_1_238' title='bbox 303 1660 310 1697; x_wconf 75' lang='grc' dir='ltr'>ι</span> <span class='ocrx_word' id='word_1_239' title='bbox 332 1642 470 1726; x_wconf 80' lang='lat' dir='ltr'>iactojam</span> <span class='ocrx_word' id='word_1_240' title='bbox 492 1660 546 1698; x_wconf 90' lang='lat' dir='ltr'>nou</span> <span class='ocrx_word' id='word_1_241' title='bbox 570 1644 643 1701; x_wconf 85' lang='lat' dir='ltr'>lieet.</span> <span class='ocrx_word' id='word_1_242' title='bbox 663 1642 863 1700; x_wconf 81' lang='lat' dir='ltr'>EtChristiaue</span> <span class='ocrx_word' id='word_1_243' title='bbox 884 1660 946 1700; x_wconf 92' lang='lat' dir='ltr'>cum</span> <span class='ocrx_word' id='word_1_244' title='bbox 997 1658 1054 1701; x_wconf 87' lang='lat' dir='ltr'>non</span> <span class='ocrx_word' id='word_1_245' title='bbox 1065 1646 1154 1701; x_wconf 90' lang='lat' dir='ltr'>tunica</span> <span class='ocrx_word' id='word_1_246' title='bbox 1165 1644 1308 1699; x_wconf 88' lang='lat' dir='ltr'>mediocris</span> <span class='ocrx_word' id='word_1_247' title='bbox 1319 1643 1446 1710; x_wconf 90' lang='lat' dir='ltr'>hominis,</span> <span class='ocrx_word' id='word_1_248' title='bbox 1455 1641 1577 1712; x_wconf 83' lang='lat' dir='ltr'>quamuis</span> <span class='ocrx_word' id='word_1_249' title='bbox 1590 1640 1699 1705; x_wconf 85' lang='lat' dir='ltr'>munda,</span> <span class='ocrx_word' id='word_1_250' title='bbox 1713 1641 1800 1711; x_wconf 85' lang='lat' dir='ltr'>impe-</span> 
     </span>
     <span class='ocr_line' id='line_1_18' title="bbox 147 1710 1798 1786; baseline -0.002 -17"><span class='ocrx_word' id='word_1_251' title='bbox 147 1728 234 1769; x_wconf 83' lang='lat' dir='ltr'>urore</span> <span class='ocrx_word' id='word_1_252' title='bbox 247 1728 295 1769; x_wconf 89' lang='lat' dir='ltr'>sua</span> <span class='ocrx_word' id='word_1_253' title='bbox 308 1729 452 1771; x_wconf 81' lang='lat' dir='ltr'>conventre</span> <span class='ocrx_word' id='word_1_254' title='bbox 472 1714 615 1786; x_wconf 86' lang='lat' dir='ltr'>aliquando</span> <span class='ocrx_word' id='word_1_255' title='bbox 629 1716 702 1780; x_wconf 89' lang='lat' dir='ltr'>iicet,</span> <span class='ocrx_word' id='word_1_256' title='bbox 716 1714 860 1785; x_wconf 88' lang='lat' dir='ltr'>aliquando</span> <span class='ocrx_word' id='word_1_257' title='bbox 882 1730 947 1771; x_wconf 85' lang='lat' dir='ltr'>uero</span> <span class='ocrx_word' id='word_1_258' title='bbox 998 1717 1082 1771; x_wconf 90' lang='lat' dir='ltr'>ratori</span> <span class='ocrx_word' id='word_1_259' title='bbox 1094 1725 1183 1773; x_wconf 88' lang='lat' dir='ltr'>tamen</span> <span class='ocrx_word' id='word_1_260' title='bbox 1195 1714 1302 1771; x_wconf 82' lang='lat' dir='ltr'>sordida</span> <span class='ocrx_word' id='word_1_261' title='bbox 1317 1722 1345 1770; x_wconf 93' lang='lat' dir='ltr'>et</span> <span class='ocrx_word' id='word_1_262' title='bbox 1357 1714 1448 1769; x_wconf 90' lang='lat' dir='ltr'>illicita</span> <span class='ocrx_word' id='word_1_263' title='bbox 1462 1712 1519 1769; x_wconf 88' lang='lat' dir='ltr'>esti</span> <span class='ocrx_word' id='word_1_264' title='bbox 1534 1711 1656 1767; x_wconf 90' lang='lat' dir='ltr'>similiter</span> <span class='ocrx_word' id='word_1_265' title='bbox 1669 1718 1699 1767; x_wconf 92' lang='lat' dir='ltr'>et</span> <span class='ocrx_word' id='word_1_266' title='bbox 1711 1710 1798 1767; x_wconf 83' lang='lat' dir='ltr'>Saxo·</span> 
     </span>
     <span class='ocr_line' id='line_1_19' title="bbox 146 1782 1799 1869; baseline -0.002 -28"><span class='ocrx_word' id='word_1_267' title='bbox 146 1798 202 1841; x_wconf 91' lang='lat' dir='ltr'>non</span> <span class='ocrx_word' id='word_1_268' title='bbox 219 1784 292 1840; x_wconf 90' lang='lat' dir='ltr'>licet.</span> <span class='ocrx_word' id='word_1_269' title='bbox 313 1784 426 1855; x_wconf 84' lang='lat' dir='ltr'>Propter</span> <span class='ocrx_word' id='word_1_270' title='bbox 442 1785 500 1841; x_wconf 90' lang='lat' dir='ltr'>dies</span> <span class='ocrx_word' id='word_1_271' title='bbox 520 1786 592 1841; x_wconf 90' lang='lat' dir='ltr'>enim</span> <span class='ocrx_word' id='word_1_272' title='bbox 605 1786 784 1857; x_wconf 79' lang='lat' dir='ltr'>processionis</span> <span class='ocrx_word' id='word_1_273' title='bbox 803 1786 947 1856; x_wconf 89' lang='lat' dir='ltr'>aliquando</span> <span class='ocrx_word' id='word_1_274' title='bbox 998 1786 1067 1843; x_wconf 91' lang='lat' dir='ltr'>nicia</span> <span class='ocrx_word' id='word_1_275' title='bbox 1081 1785 1219 1843; x_wconf 81' lang='lat' dir='ltr'>senatorii</span> <span class='ocrx_word' id='word_1_276' title='bbox 1234 1788 1272 1841; x_wconf 90' lang='lat' dir='ltr'>Ac</span> <span class='ocrx_word' id='word_1_277' title='bbox 1282 1800 1331 1869; x_wconf 86' lang='lat' dir='ltr'>per</span> <span class='ocrx_word' id='word_1_278' title='bbox 1341 1784 1392 1840; x_wconf 93' lang='lat' dir='ltr'>hoc</span> <span class='ocrx_word' id='word_1_279' title='bbox 1403 1783 1536 1839; x_wconf 81' lang='lat' dir='ltr'>antistites</span> <span class='ocrx_word' id='word_1_280' title='bbox 1544 1782 1591 1836; x_wconf 85' lang='lat' dir='ltr'>Ilei</span> <span class='ocrx_word' id='word_1_281' title='bbox 1604 1783 1726 1852; x_wconf 86' lang='lat' dir='ltr'>puriores</span> <span class='ocrx_word' id='word_1_282' title='bbox 1737 1794 1799 1837; x_wconf 87' lang='lat' dir='ltr'>esse</span> 
     </span>
     <span class='ocr_line' id='line_1_20' title="bbox 147 1852 1798 1933; baseline -0.002 -22"><span class='ocrx_word' id='word_1_283' title='bbox 147 1870 204 1911; x_wconf 86' lang='lat' dir='ltr'>non</span> <span class='ocrx_word' id='word_1_284' title='bbox 217 1854 280 1909; x_wconf 90' lang='lat' dir='ltr'>lieet</span> <span class='ocrx_word' id='word_1_285' title='bbox 292 1856 436 1913; x_wconf 86' lang='lat' dir='ltr'>conuenire</span> <span class='ocrx_word' id='word_1_286' title='bbox 448 1872 456 1922; x_wconf 81' lang='lat' dir='ltr'>l</span> <span class='ocrx_word' id='word_1_287' title='bbox 470 1857 530 1927; x_wconf 90' lang='lat' dir='ltr'>quio</span> <span class='ocrx_word' id='word_1_288' title='bbox 543 1858 625 1912; x_wconf 89' lang='lat' dir='ltr'>etiam</span> <span class='ocrx_word' id='word_1_289' title='bbox 638 1872 654 1911; x_wconf 91' lang='lat' dir='ltr'>a</span> <span class='ocrx_word' id='word_1_290' title='bbox 668 1856 747 1911; x_wconf 89' lang='lat' dir='ltr'>licitis</span> <span class='ocrx_word' id='word_1_291' title='bbox 758 1854 946 1913; x_wconf 90' lang='lat' dir='ltr'>abstinendum</span> <span class='ocrx_word' id='word_1_292' title='bbox 997 1857 1098 1914; x_wconf 88' lang='lat' dir='ltr'>debent</span> <span class='ocrx_word' id='word_1_293' title='bbox 1108 1872 1188 1928; x_wconf 88' lang='lat' dir='ltr'>quam</span> <span class='ocrx_word' id='word_1_294' title='bbox 1200 1866 1301 1923; x_wconf 84' lang='lat' dir='ltr'>caeterr,</span> <span class='ocrx_word' id='word_1_295' title='bbox 1313 1856 1374 1927; x_wconf 88' lang='lat' dir='ltr'>quia</span> <span class='ocrx_word' id='word_1_296' title='bbox 1384 1862 1412 1911; x_wconf 91' lang='lat' dir='ltr'>et</span> <span class='ocrx_word' id='word_1_297' title='bbox 1421 1852 1521 1911; x_wconf 80' lang='lat' dir='ltr'>Christi</span> <span class='ocrx_word' id='word_1_298' title='bbox 1533 1852 1634 1907; x_wconf 89' lang='lat' dir='ltr'>habent</span> <span class='ocrx_word' id='word_1_299' title='bbox 1662 1866 1798 1933; x_wconf 84' lang='lat' dir='ltr'>ersonam,</span> 
     </span>
     <span class='ocr_line' id='line_1_21' title="bbox 146 1924 1799 1999; baseline -0.004 -17"><span class='ocrx_word' id='word_1_300' title='bbox 146 1936 201 1993; x_wconf 88' lang='lat' dir='ltr'>est,</span> <span class='ocrx_word' id='word_1_301' title='bbox 213 1934 243 1981; x_wconf 92' lang='lat' dir='ltr'>ut</span> <span class='ocrx_word' id='word_1_302' title='bbox 253 1924 358 1981; x_wconf 88' lang='lat' dir='ltr'>iaoiiius</span> <span class='ocrx_word' id='word_1_303' title='bbox 370 1927 506 1999; x_wconf 86' lang='lat' dir='ltr'>impetrari</span> <span class='ocrx_word' id='word_1_304' title='bbox 517 1928 601 1997; x_wconf 77' lang='lat' dir='ltr'>possit</span> <span class='ocrx_word' id='word_1_305' title='bbox 611 1927 684 1998; x_wconf 92' lang='lat' dir='ltr'>quod</span> <span class='ocrx_word' id='word_1_306' title='bbox 697 1926 854 1997; x_wconf 90' lang='lat' dir='ltr'>postulatur.</span> <span class='ocrx_word' id='word_1_307' title='bbox 869 1926 947 1985; x_wconf 88' lang='lat' dir='ltr'>Unde</span> <span class='ocrx_word' id='word_1_308' title='bbox 996 1937 1027 1985; x_wconf 92' lang='lat' dir='ltr'>et</span> <span class='ocrx_word' id='word_1_309' title='bbox 1044 1928 1181 1985; x_wconf 85' lang='lat' dir='ltr'>ministros</span> <span class='ocrx_word' id='word_1_310' title='bbox 1196 1928 1242 1983; x_wconf 83' lang='lat' dir='ltr'>hel</span> <span class='ocrx_word' id='word_1_311' title='bbox 1254 1928 1410 1983; x_wconf 88' lang='lat' dir='ltr'>mundiores</span> <span class='ocrx_word' id='word_1_312' title='bbox 1423 1940 1484 1981; x_wconf 85' lang='lat' dir='ltr'>esse</span> <span class='ocrx_word' id='word_1_313' title='bbox 1495 1930 1613 1994; x_wconf 91' lang='lat' dir='ltr'>oportet.</span> <span class='ocrx_word' id='word_1_314' title='bbox 1653 1937 1714 1978; x_wconf 87' lang='lat' dir='ltr'>cmo</span> <span class='ocrx_word' id='word_1_315' title='bbox 1726 1936 1799 1977; x_wconf 90' lang='lat' dir='ltr'>emm</span> 
     </span>
     <span class='ocr_line' id='line_1_22' title="bbox 145 1992 1800 2120; baseline -0.004 -67"><span class='ocrx_word' id='word_1_316' title='bbox 145 1996 344 2067; x_wconf 83' lang='lat' dir='ltr'>Apostolus,ex</span> <span class='ocrx_word' id='word_1_317' title='bbox 358 2012 490 2053; x_wconf 85' lang='lat' dir='ltr'>eorrsensu</span> <span class='ocrx_word' id='word_1_318' title='bbox 506 1998 544 2053; x_wconf 90' lang='lat' dir='ltr'>ait</span> <span class='ocrx_word' id='word_1_319' title='bbox 552 1998 739 2053; x_wconf 87' lang='lat' dir='ltr'>abstinendum</span> <span class='ocrx_word' id='word_1_320' title='bbox 752 1997 785 2053; x_wconf 89' lang='lat' dir='ltr'>ad</span> <span class='ocrx_word' id='word_1_321' title='bbox 793 2008 846 2053; x_wconf 83' lang='lat' dir='ltr'>tent</span> <span class='ocrx_word' id='word_1_322' title='bbox 883 2013 907 2066; x_wconf 89' lang='lat' dir='ltr'>s,</span> <span class='ocrx_word' id='word_1_323' title='bbox 917 2009 947 2055; x_wconf 94' lang='lat' dir='ltr'>ut</span> <span class='ocrx_word' id='word_1_324' title='bbox 999 1998 1359 2069; x_wconf 87' lang='lat' dir='ltr'>imperatorinrinistratnou</span> <span class='ocrx_word' id='word_1_325' title='bbox 1369 2006 1527 2061; x_wconf 79' lang='lat' dir='ltr'>accurratus3</span> <span class='ocrx_word' id='word_1_326' title='bbox 1542 1992 1800 2120; x_wconf 54' lang='lat' dir='ltr'>igiturnestimentis</span> 
     </span>
     <span class='ocr_line' id='line_1_23' title="bbox 146 2066 1800 2140; baseline -0.004 -17"><span class='ocrx_word' id='word_1_327' title='bbox 146 2066 481 2136; x_wconf 78' lang='lat' dir='ltr'>vaceturorationillGor.</span> <span class='ocrx_word' id='word_1_328' title='bbox 496 2066 597 2140; x_wconf 85' lang='lat' dir='ltr'>su,5).</span> <span class='ocrx_word' id='word_1_329' title='bbox 611 2069 677 2124; x_wconf 91' lang='lat' dir='ltr'>Nam</span> <span class='ocrx_word' id='word_1_330' title='bbox 691 2068 837 2125; x_wconf 87' lang='lat' dir='ltr'>secundum</span> <span class='ocrx_word' id='word_1_331' title='bbox 902 2084 945 2126; x_wconf 88' lang='lat' dir='ltr'>em</span> <span class='ocrx_word' id='word_1_332' title='bbox 998 2070 1079 2126; x_wconf 87' lang='lat' dir='ltr'>claris</span> <span class='ocrx_word' id='word_1_333' title='bbox 1092 2078 1119 2126; x_wconf 90' lang='lat' dir='ltr'>et</span> <span class='ocrx_word' id='word_1_334' title='bbox 1133 2070 1239 2125; x_wconf 91' lang='lat' dir='ltr'>mundis</span> <span class='ocrx_word' id='word_1_335' title='bbox 1253 2068 1338 2125; x_wconf 91' lang='lat' dir='ltr'>induti</span> <span class='ocrx_word' id='word_1_336' title='bbox 1352 2068 1529 2125; x_wconf 87' lang='lat' dir='ltr'>ministrant:</span> <span class='ocrx_word' id='word_1_337' title='bbox 1568 2072 1718 2121; x_wconf 87' lang='lat' dir='ltr'>eusautem</span> <span class='ocrx_word' id='word_1_338' title='bbox 1736 2077 1800 2134; x_wconf 81' lang='lat' dir='ltr'>qula</span> 
     </span>
     <span class='ocr_line' id='line_1_24' title="bbox 147 2134 1800 2214; baseline -0.004 -20"><span class='ocrx_word' id='word_1_339' title='bbox 147 2138 174 2195; x_wconf 89' lang='lat' dir='ltr'>ln</span> <span class='ocrx_word' id='word_1_340' title='bbox 187 2137 368 2209; x_wconf 79' lang='lat' dir='ltr'>iejuniocaedi</span> <span class='ocrx_word' id='word_1_341' title='bbox 380 2148 408 2194; x_wconf 90' lang='lat' dir='ltr'>et</span> <span class='ocrx_word' id='word_1_342' title='bbox 418 2139 519 2210; x_wconf 72' lang='lat' dir='ltr'>iurgari</span> <span class='ocrx_word' id='word_1_343' title='bbox 533 2155 587 2195; x_wconf 90' lang='lat' dir='ltr'>non</span> <span class='ocrx_word' id='word_1_344' title='bbox 601 2139 673 2203; x_wconf 90' lang='lat' dir='ltr'>lieet,</span> <span class='ocrx_word' id='word_1_345' title='bbox 689 2148 780 2209; x_wconf 88' lang='lat' dir='ltr'>postea</span> <span class='ocrx_word' id='word_1_346' title='bbox 791 2138 853 2195; x_wconf 89' lang='lat' dir='ltr'>lieet</span> <span class='ocrx_word' id='word_1_347' title='bbox 865 2157 871 2194; x_wconf 96' lang='lat'><strong>:</strong></span> <span class='ocrx_word' id='word_1_348' title='bbox 885 2141 946 2210; x_wconf 92' lang='lat' dir='ltr'>quia</span> <span class='ocrx_word' id='word_1_349' title='bbox 997 2150 1094 2197; x_wconf 83' lang='lat' dir='ltr'>natura</span> <span class='ocrx_word' id='word_1_350' title='bbox 1115 2140 1280 2199; x_wconf 85' lang='lat' dir='ltr'>clarissimus</span> <span class='ocrx_word' id='word_1_351' title='bbox 1294 2149 1347 2208; x_wconf 89' lang='lat' dir='ltr'>est,</span> <span class='ocrx_word' id='word_1_352' title='bbox 1370 2138 1508 2194; x_wconf 86' lang='lat' dir='ltr'>ministros</span> <span class='ocrx_word' id='word_1_353' title='bbox 1522 2136 1581 2207; x_wconf 82' lang='lat' dir='ltr'>ejus</span> <span class='ocrx_word' id='word_1_354' title='bbox 1600 2144 1693 2191; x_wconf 88' lang='lat' dir='ltr'>natura</span> <span class='ocrx_word' id='word_1_355' title='bbox 1714 2134 1800 2214; x_wconf 75' lang='lat' dir='ltr'>magis</span> 
     </span>
     <span class='ocr_line' id='line_1_25' title="bbox 146 2203 1800 2283; baseline -0.004 -19"><span class='ocrx_word' id='word_1_356' title='bbox 146 2208 237 2279; x_wconf 83' lang='lat' dir='ltr'>major</span> <span class='ocrx_word' id='word_1_357' title='bbox 258 2208 407 2265; x_wconf 85' lang='lat' dir='ltr'>reuerentia</span> <span class='ocrx_word' id='word_1_358' title='bbox 419 2208 531 2266; x_wconf 93' lang='lat' dir='ltr'>debetur</span> <span class='ocrx_word' id='word_1_359' title='bbox 542 2210 591 2266; x_wconf 85' lang='lat' dir='ltr'>bet</span> <span class='ocrx_word' id='word_1_360' title='bbox 603 2209 700 2265; x_wconf 89' lang='lat' dir='ltr'>causis.</span> <span class='ocrx_word' id='word_1_361' title='bbox 712 2209 845 2279; x_wconf 88' lang='lat' dir='ltr'>Numquid</span> <span class='ocrx_word' id='word_1_362' title='bbox 866 2226 947 2265; x_wconf 83' lang='lat' dir='ltr'>onuno</span> <span class='ocrx_word' id='word_1_363' title='bbox 997 2226 1078 2283; x_wconf 91' lang='lat' dir='ltr'>quam</span> <span class='ocrx_word' id='word_1_364' title='bbox 1091 2211 1210 2267; x_wconf 86' lang='lat' dir='ltr'>uestibus</span> <span class='ocrx_word' id='word_1_365' title='bbox 1221 2210 1335 2267; x_wconf 90' lang='lat' dir='ltr'>mundos</span> <span class='ocrx_word' id='word_1_366' title='bbox 1347 2224 1408 2265; x_wconf 87' lang='lat' dir='ltr'>esse</span> <span class='ocrx_word' id='word_1_367' title='bbox 1418 2216 1541 2279; x_wconf 90' lang='lat' dir='ltr'>oportet;</span> <span class='ocrx_word' id='word_1_368' title='bbox 1553 2206 1597 2262; x_wconf 93' lang='lat' dir='ltr'>cui</span> <span class='ocrx_word' id='word_1_369' title='bbox 1610 2204 1669 2271; x_wconf 86' lang='lat' dir='ltr'>iaus</span> <span class='ocrx_word' id='word_1_370' title='bbox 1678 2212 1705 2261; x_wconf 89' lang='lat' dir='ltr'>ot</span> <span class='ocrx_word' id='word_1_371' title='bbox 1715 2203 1800 2275; x_wconf 74' lang='lat' dir='ltr'>glorta</span> 
     </span>
     <span class='ocr_line' id='line_1_26' title="bbox 147 2278 1784 2351; baseline -0.001 -16"><span class='ocrx_word' id='word_1_372' title='bbox 147 2278 222 2351; x_wconf 91' lang='lat' dir='ltr'>quod</span> <span class='ocrx_word' id='word_1_373' title='bbox 244 2286 306 2335; x_wconf 71' lang='lat' dir='ltr'>anm</span> <span class='ocrx_word' id='word_1_374' title='bbox 326 2288 439 2336; x_wconf 78' lang='lat' dir='ltr'>eeteros</span> <span class='ocrx_word' id='word_1_375' title='bbox 462 2280 541 2350; x_wconf 88' lang='lat' dir='ltr'>lieet,</span> <span class='ocrx_word' id='word_1_376' title='bbox 567 2290 630 2337; x_wconf 89' lang='lat' dir='ltr'>ante</span> <span class='ocrx_word' id='word_1_377' title='bbox 652 2281 842 2351; x_wconf 78' lang='lat' dir='ltr'>imperatorem</span> <span class='ocrx_word' id='word_1_378' title='bbox 865 2281 946 2337; x_wconf 79' lang='lat' dir='ltr'>lieet?</span> <span class='ocrx_word' id='word_1_379' title='bbox 999 2280 1137 2339; x_wconf 74' lang='lat' dir='ltr'>insaecula</span> <span class='ocrx_word' id='word_1_380' title='bbox 1151 2282 1431 2339; x_wconf 75' lang='lat' dir='ltr'>seculorumhmen.</span> <span class='ocrx_word' id='word_1_381' title='bbox 1781 2310 1784 2319; x_wconf 92' lang='lat'>·</span> 
     </span>
    </p>
   </div>
   <div class='ocr_carea' id='block_1_3' title="bbox 304 2464 1651 2679">
    <p class='ocr_par' dir='ltr' id='par_1_4' title="bbox 304 2464 1651 2679">
     <span class='ocr_line' id='line_1_27' title="bbox 304 2464 1651 2543; baseline 0 -14"><span class='ocrx_word' id='word_1_382' title='bbox 304 2466 347 2529; x_wconf 88' lang='lat' dir='ltr'>IN</span> <span class='ocrx_word' id='word_1_383' title='bbox 367 2466 628 2543; x_wconf 82' lang='lat' dir='ltr'><strong>QUAESTIONES</strong></span> <span class='ocrx_word' id='word_1_384' title='bbox 648 2466 821 2531; x_wconf 74' lang='lat' dir='ltr'>vessels</span> <span class='ocrx_word' id='word_1_385' title='bbox 843 2469 897 2531; x_wconf 87' lang='grc' dir='ltr'>ΕΤ</span> <span class='ocrx_word' id='word_1_386' title='bbox 913 2468 1013 2534; x_wconf 79' lang='lat' dir='ltr'>NOVI</span> <span class='ocrx_word' id='word_1_387' title='bbox 1036 2470 1296 2533; x_wconf 80' lang='lat' dir='ltr'><strong>TESTAMENTI</strong></span> <span class='ocrx_word' id='word_1_388' title='bbox 1316 2467 1412 2533; x_wconf 79' lang='lat' dir='ltr'>POET</span> <span class='ocrx_word' id='word_1_389' title='bbox 1434 2464 1651 2532; x_wconf 81' lang='lat' dir='ltr'>VULGATAS</span> 
     </span>
     <span class='ocr_line' id='line_1_28' title="bbox 809 2606 1160 2679; baseline 0 -2"><span class='ocrx_word' id='word_1_390' title='bbox 809 2606 1160 2679; x_wconf 78' lang='lat' dir='ltr'>ADMON1T10.</span> 
     </span>
    </p>
   </div>
   <div class='ocr_carea' id='block_1_4' title="bbox 150 2754 1808 3481">
    <p class='ocr_par' dir='ltr' id='par_1_5' title="bbox 150 2754 1808 3481">
     <span class='ocr_line' id='line_1_29' title="bbox 187 2754 1804 2829; baseline -0.001 -16"><span class='ocrx_word' id='word_1_391' title='bbox 187 2756 278 2813; x_wconf 81' lang='lat' dir='ltr'>liabeo</span> <span class='ocrx_word' id='word_1_392' title='bbox 298 2756 436 2828; x_wconf 68' lang='lat' dir='ltr'>predium</span> <span class='ocrx_word' id='word_1_393' title='bbox 449 2756 584 2827; x_wconf 85' lang='lat' dir='ltr'>superiori</span> <span class='ocrx_word' id='word_1_394' title='bbox 602 2756 673 2814; x_wconf 89' lang='lat' dir='ltr'>libro</span> <span class='ocrx_word' id='word_1_395' title='bbox 686 2756 828 2814; x_wconf 87' lang='lat' dir='ltr'>elenchum</span> <span class='ocrx_word' id='word_1_396' title='bbox 839 2758 972 2829; x_wconf 85' lang='lat' dir='ltr'>duplicem</span> <span class='ocrx_word' id='word_1_397' title='bbox 986 2774 994 2813; x_wconf 90' lang='lat'>:</span> <span class='ocrx_word' id='word_1_398' title='bbox 1009 2774 1091 2813; x_wconf 88' lang='lat' dir='ltr'>uuum</span> <span class='ocrx_word' id='word_1_399' title='bbox 1106 2772 1160 2829; x_wconf 89' lang='lat' dir='ltr'>quo</span> <span class='ocrx_word' id='word_1_400' title='bbox 1172 2756 1219 2814; x_wconf 87' lang='lat' dir='ltr'>illa</span> <span class='ocrx_word' id='word_1_401' title='bbox 1233 2754 1444 2828; x_wconf 80' lang='lat' dir='ltr'>precedentium</span> <span class='ocrx_word' id='word_1_402' title='bbox 1453 2755 1568 2827; x_wconf 75' lang='lat' dir='ltr'>:eentum</span> <span class='ocrx_word' id='word_1_403' title='bbox 1582 2754 1676 2827; x_wconf 74' lang='lat' dir='ltr'>uiginti</span> <span class='ocrx_word' id='word_1_404' title='bbox 1700 2762 1804 2825; x_wconf 85' lang='lat' dir='ltr'>septem</span> 
     </span>
     <span class='ocr_line' id='line_1_30' title="bbox 150 2848 1808 2923; baseline -0.001 -16"><span class='ocrx_word' id='word_1_405' title='bbox 150 2850 337 2919; x_wconf 72' lang='lat' dir='ltr'>Questiouum</span> <span class='ocrx_word' id='word_1_406' title='bbox 346 2848 488 2906; x_wconf 81' lang='lat' dir='ltr'>exhibetur</span> <span class='ocrx_word' id='word_1_407' title='bbox 496 2849 631 2919; x_wconf 84' lang='lat' dir='ltr'>collectio,</span> <span class='ocrx_word' id='word_1_408' title='bbox 640 2866 701 2922; x_wconf 75' lang='lat' dir='ltr'>que</span> <span class='ocrx_word' id='word_1_409' title='bbox 712 2852 747 2908; x_wconf 93' lang='lat' dir='ltr'>ab</span> <span class='ocrx_word' id='word_1_410' title='bbox 755 2853 904 2923; x_wconf 71' lang='lat' dir='ltr'>Augustino</span> <span class='ocrx_word' id='word_1_411' title='bbox 914 2852 1117 2923; x_wconf 83' lang='lat' dir='ltr'>ilatisponeusi,</span> <span class='ocrx_word' id='word_1_412' title='bbox 1129 2853 1163 2909; x_wconf 88' lang='lat' dir='ltr'>ah</span> <span class='ocrx_word' id='word_1_413' title='bbox 1172 2850 1277 2907; x_wconf 84' lang='lat' dir='ltr'>ioaune</span> <span class='ocrx_word' id='word_1_414' title='bbox 1288 2850 1467 2908; x_wconf 83' lang='lat' dir='ltr'>Amerbachio</span> <span class='ocrx_word' id='word_1_415' title='bbox 1478 2860 1507 2907; x_wconf 92' lang='lat' dir='ltr'>et</span> <span class='ocrx_word' id='word_1_416' title='bbox 1516 2866 1532 2907; x_wconf 90' lang='lat' dir='ltr'>a</span> <span class='ocrx_word' id='word_1_417' title='bbox 1542 2849 1684 2907; x_wconf 88' lang='lat' dir='ltr'>llesiderio</span> <span class='ocrx_word' id='word_1_418' title='bbox 1692 2850 1808 2906; x_wconf 71' lang='lat' dir='ltr'>Eranuo</span> 
     </span>
     <span class='ocr_line' id='line_1_31' title="bbox 151 2942 1804 3015; baseline 0.001 -18"><span class='ocrx_word' id='word_1_419' title='bbox 151 2942 204 3000; x_wconf 87' lang='lat' dir='ltr'>luit</span> <span class='ocrx_word' id='word_1_420' title='bbox 222 2943 335 3014; x_wconf 90' lang='lat' dir='ltr'>primum</span> <span class='ocrx_word' id='word_1_421' title='bbox 349 2942 476 3014; x_wconf 75' lang='lat' dir='ltr'>rulqata;</span> <span class='ocrx_word' id='word_1_422' title='bbox 490 2944 613 3011; x_wconf 86' lang='lat' dir='ltr'>allorum,</span> <span class='ocrx_word' id='word_1_423' title='bbox 629 2944 674 3014; x_wconf 91' lang='lat' dir='ltr'>qui</span> <span class='ocrx_word' id='word_1_424' title='bbox 692 2944 880 3001; x_wconf 88' lang='lat' dir='ltr'>collectionem</span> <span class='ocrx_word' id='word_1_425' title='bbox 890 2960 945 3001; x_wconf 88' lang='lat' dir='ltr'>non</span> <span class='ocrx_word' id='word_1_426' title='bbox 958 2952 1060 3001; x_wconf 88' lang='lat' dir='ltr'>tantum</span> <span class='ocrx_word' id='word_1_427' title='bbox 1074 2946 1207 3015; x_wconf 88' lang='lat' dir='ltr'>disparem</span> <span class='ocrx_word' id='word_1_428' title='bbox 1229 2945 1411 3015; x_wconf 78' lang='lat' dir='ltr'>Quaestiouunr</span> <span class='ocrx_word' id='word_1_429' title='bbox 1425 2944 1531 3012; x_wconf 88' lang='lat' dir='ltr'>ordine,</span> <span class='ocrx_word' id='word_1_430' title='bbox 1551 2944 1693 3001; x_wconf 89' lang='lat' dir='ltr'>sedetiam</span> <span class='ocrx_word' id='word_1_431' title='bbox 1712 2958 1804 2999; x_wconf 74' lang='lat' dir='ltr'>earum</span> 
     </span>
     <span class='ocr_line' id='line_1_32' title="bbox 150 3034 1804 3110; baseline 0.002 -20"><span class='ocrx_word' id='word_1_432' title='bbox 150 3048 268 3090; x_wconf 90' lang='lat' dir='ltr'>numero</span> <span class='ocrx_word' id='word_1_433' title='bbox 280 3034 426 3090; x_wconf 74' lang='lat' dir='ltr'>erectiorem</span> <span class='ocrx_word' id='word_1_434' title='bbox 446 3034 526 3106; x_wconf 74' lang='lat' dir='ltr'>longe</span> <span class='ocrx_word' id='word_1_435' title='bbox 537 3044 722 3107; x_wconf 79' lang='lat' dir='ltr'>representat.</span> <span class='ocrx_word' id='word_1_436' title='bbox 737 3036 823 3109; x_wconf 81' lang='lat' dir='ltr'>Hujus</span> <span class='ocrx_word' id='word_1_437' title='bbox 836 3052 918 3109; x_wconf 90' lang='lat' dir='ltr'>porro</span> <span class='ocrx_word' id='word_1_438' title='bbox 929 3038 1040 3094; x_wconf 91' lang='lat' dir='ltr'>alterius</span> <span class='ocrx_word' id='word_1_439' title='bbox 1054 3038 1219 3095; x_wconf 85' lang='lat' dir='ltr'>collectionis</span> <span class='ocrx_word' id='word_1_440' title='bbox 1231 3040 1369 3110; x_wconf 82' lang='lat' dir='ltr'>exemplar</span> <span class='ocrx_word' id='word_1_441' title='bbox 1389 3054 1450 3095; x_wconf 90' lang='lat' dir='ltr'>eum</span> <span class='ocrx_word' id='word_1_442' title='bbox 1462 3054 1477 3095; x_wconf 90' lang='lat' dir='ltr'>e</span> <span class='ocrx_word' id='word_1_443' title='bbox 1490 3036 1625 3094; x_wconf 82' lang='lat' dir='ltr'>Victorino</span> <span class='ocrx_word' id='word_1_444' title='bbox 1640 3036 1804 3093; x_wconf 75' lang='lat' dir='ltr'>Bibliotheca</span> 
     </span>
     <span class='ocr_line' id='line_1_33' title="bbox 151 3126 1804 3205; baseline 0.003 -22"><span class='ocrx_word' id='word_1_445' title='bbox 151 3126 268 3198; x_wconf 91' lang='lat' dir='ltr'>adeptus</span> <span class='ocrx_word' id='word_1_446' title='bbox 278 3126 373 3185; x_wconf 89' lang='lat' dir='ltr'>luisset</span> <span class='ocrx_word' id='word_1_447' title='bbox 382 3127 497 3185; x_wconf 79' lang='lat' dir='ltr'>lacobus</span> <span class='ocrx_word' id='word_1_448' title='bbox 513 3129 640 3196; x_wconf 86' lang='lat' dir='ltr'>ilaemer,</span> <span class='ocrx_word' id='word_1_449' title='bbox 654 3130 758 3187; x_wconf 80' lang='lat' dir='ltr'>cureuil</span> <span class='ocrx_word' id='word_1_450' title='bbox 773 3132 1007 3205; x_wconf 76' lang='lat' dir='ltr'>uteubaequentes</span> <span class='ocrx_word' id='word_1_451' title='bbox 1016 3132 1061 3189; x_wconf 92' lang='lat' dir='ltr'>hic</span> <span class='ocrx_word' id='word_1_452' title='bbox 1075 3133 1254 3202; x_wconf 73' lang='lat' dir='ltr'>Quaestiones,</span> <span class='ocrx_word' id='word_1_453' title='bbox 1267 3148 1333 3205; x_wconf 90' lang='lat' dir='ltr'>quas</span> <span class='ocrx_word' id='word_1_454' title='bbox 1344 3132 1470 3190; x_wconf 83' lang='lat' dir='ltr'>videlieet</span> <span class='ocrx_word' id='word_1_455' title='bbox 1481 3142 1528 3191; x_wconf 89' lang='lat' dir='ltr'>aut</span> <span class='ocrx_word' id='word_1_456' title='bbox 1538 3132 1656 3190; x_wconf 92' lang='lat' dir='ltr'>nondum</span> <span class='ocrx_word' id='word_1_457' title='bbox 1671 3131 1804 3204; x_wconf 75' lang='lat' dir='ltr'>vulgatas,</span> 
     </span>
     <span class='ocr_line' id='line_1_34' title="bbox 151 3218 1805 3299; baseline 0.005 -26"><span class='ocrx_word' id='word_1_458' title='bbox 151 3226 202 3274; x_wconf 82' lang='lat' dir='ltr'>aut</span> <span class='ocrx_word' id='word_1_459' title='bbox 213 3226 285 3274; x_wconf 89' lang='lat' dir='ltr'>uerte</span> <span class='ocrx_word' id='word_1_460' title='bbox 297 3218 356 3273; x_wconf 90' lang='lat' dir='ltr'>aliis</span> <span class='ocrx_word' id='word_1_461' title='bbox 369 3220 458 3276; x_wconf 84' lang='lat' dir='ltr'>uerbis</span> <span class='ocrx_word' id='word_1_462' title='bbox 481 3230 607 3278; x_wconf 72' lang='lat' dir='ltr'>tractatos</span> <span class='ocrx_word' id='word_1_463' title='bbox 623 3238 684 3279; x_wconf 87' lang='lat' dir='ltr'>esse</span> <span class='ocrx_word' id='word_1_464' title='bbox 705 3224 947 3291; x_wconf 80' lang='lat' dir='ltr'>animadvertebat,</span> <span class='ocrx_word' id='word_1_465' title='bbox 963 3226 1103 3297; x_wconf 85' lang='lat' dir='ltr'>prodirent</span> <span class='ocrx_word' id='word_1_466' title='bbox 1126 3224 1152 3281; x_wconf 90' lang='lat' dir='ltr'>in</span> <span class='ocrx_word' id='word_1_467' title='bbox 1167 3226 1265 3283; x_wconf 91' lang='lat' dir='ltr'>iucem.</span> <span class='ocrx_word' id='word_1_468' title='bbox 1282 3226 1431 3284; x_wconf 78' lang='lat' dir='ltr'>Fecitsero</span> <span class='ocrx_word' id='word_1_469' title='bbox 1441 3228 1499 3299; x_wconf 90' lang='lat' dir='ltr'>ipse</span> <span class='ocrx_word' id='word_1_470' title='bbox 1514 3236 1571 3283; x_wconf 90' lang='lat' dir='ltr'>tres</span> <span class='ocrx_word' id='word_1_471' title='bbox 1583 3240 1676 3282; x_wconf 89' lang='lat' dir='ltr'>earum</span> <span class='ocrx_word' id='word_1_472' title='bbox 1691 3226 1805 3295; x_wconf 88' lang='lat' dir='ltr'>classes,</span> 
     </span>
     <span class='ocr_line' id='line_1_35' title="bbox 151 3312 1805 3390; baseline 0.004 -23"><span class='ocrx_word' id='word_1_473' title='bbox 151 3326 268 3383; x_wconf 91' lang='lat' dir='ltr'>quarum</span> <span class='ocrx_word' id='word_1_474' title='bbox 282 3312 367 3382; x_wconf 85' lang='lat' dir='ltr'>priua</span> <span class='ocrx_word' id='word_1_475' title='bbox 379 3312 407 3368; x_wconf 91' lang='lat' dir='ltr'>in</span> <span class='ocrx_word' id='word_1_476' title='bbox 419 3312 498 3370; x_wconf 89' lang='lat' dir='ltr'>editis</span> <span class='ocrx_word' id='word_1_477' title='bbox 512 3314 677 3383; x_wconf 87' lang='lat' dir='ltr'>inscribitur,</span> <span class='ocrx_word' id='word_1_478' title='bbox 691 3314 875 3385; x_wconf 81' lang='lat' dir='ltr'>Quaestionum</span> <span class='ocrx_word' id='word_1_479' title='bbox 890 3332 923 3373; x_wconf 86' lang='lat' dir='ltr'>ex</span> <span class='ocrx_word' id='word_1_480' title='bbox 937 3317 1028 3375; x_wconf 80' lang='lat' dir='ltr'>Veteri</span> <span class='ocrx_word' id='word_1_481' title='bbox 1041 3316 1215 3375; x_wconf 85' lang='lat' dir='ltr'>Testamento</span> <span class='ocrx_word' id='word_1_482' title='bbox 1227 3334 1290 3390; x_wconf 87' lang='lat' dir='ltr'>pare</span> <span class='ocrx_word' id='word_1_483' title='bbox 1303 3318 1438 3387; x_wconf 81' lang='lat' dir='ltr'>secunda3</span> <span class='ocrx_word' id='word_1_484' title='bbox 1454 3319 1512 3374; x_wconf 80' lang='lat' dir='ltr'>alie</span> <span class='ocrx_word' id='word_1_485' title='bbox 1522 3318 1656 3386; x_wconf 82' lang='lat' dir='ltr'>similiter,</span> <span class='ocrx_word' id='word_1_486' title='bbox 1670 3316 1805 3385; x_wconf 75' lang='lat' dir='ltr'>Quaestio·</span> 
     </span>
     <span class='ocr_line' id='line_1_36' title="bbox 151 3405 1805 3481; baseline 0.003 -20"><span class='ocrx_word' id='word_1_487' title='bbox 151 3421 220 3461; x_wconf 88' lang='lat' dir='ltr'>num</span> <span class='ocrx_word' id='word_1_488' title='bbox 229 3406 286 3461; x_wconf 83' lang='lat' dir='ltr'>siue</span> <span class='ocrx_word' id='word_1_489' title='bbox 298 3420 332 3461; x_wconf 79' lang='lat' dir='ltr'>er</span> <span class='ocrx_word' id='word_1_490' title='bbox 345 3405 419 3462; x_wconf 82' lang='lat' dir='ltr'>Nouo</span> <span class='ocrx_word' id='word_1_491' title='bbox 431 3406 614 3476; x_wconf 75' lang='lat' dir='ltr'>Tostameuto,</span> <span class='ocrx_word' id='word_1_492' title='bbox 626 3409 684 3465; x_wconf 86' lang='lat' dir='ltr'>sire</span> <span class='ocrx_word' id='word_1_493' title='bbox 693 3424 726 3465; x_wconf 85' lang='lat' dir='ltr'>ex</span> <span class='ocrx_word' id='word_1_494' title='bbox 741 3417 855 3481; x_wconf 91' lang='lat' dir='ltr'>utroque</span> <span class='ocrx_word' id='word_1_495' title='bbox 867 3410 982 3480; x_wconf 76' lang='lat' dir='ltr'>mixtim,</span> <span class='ocrx_word' id='word_1_496' title='bbox 995 3425 1058 3481; x_wconf 88' lang='lat' dir='ltr'>pars</span> <span class='ocrx_word' id='word_1_497' title='bbox 1070 3409 1188 3467; x_wconf 87' lang='lat' dir='ltr'>secunda</span> <span class='ocrx_word' id='word_1_498' title='bbox 1198 3410 1250 3467; x_wconf 89' lang='lat' dir='ltr'>diei</span> <span class='ocrx_word' id='word_1_499' title='bbox 1261 3410 1365 3467; x_wconf 89' lang='lat' dir='ltr'>solent:</span> <span class='ocrx_word' id='word_1_500' title='bbox 1381 3426 1442 3467; x_wconf 90' lang='lat' dir='ltr'>cum</span> <span class='ocrx_word' id='word_1_501' title='bbox 1452 3418 1541 3466; x_wconf 67' lang='lat' dir='ltr'>emen</span> <span class='ocrx_word' id='word_1_502' title='bbox 1558 3408 1707 3467; x_wconf 79' lang='lat' dir='ltr'>Victorinus</span> <span class='ocrx_word' id='word_1_503' title='bbox 1718 3407 1805 3466; x_wconf 82' lang='lat' dir='ltr'>codex</span> 
     </span>
    </p>
   </div>
   <div class='ocr_carea' id='block_1_5' title="bbox 151 3501 1807 4233">
    <p class='ocr_par' dir='ltr' id='par_1_6' title="bbox 151 3501 1807 4233">
     <span class='ocr_line' id='line_1_37' title="bbox 152 3501 1806 3579; baseline 0.004 -22"><span class='ocrx_word' id='word_1_504' title='bbox 152 3501 254 3570; x_wconf 85' lang='lat' dir='ltr'>aliique</span> <span class='ocrx_word' id='word_1_505' title='bbox 263 3501 400 3572; x_wconf 87' lang='lat' dir='ltr'>inspeutia</span> <span class='ocrx_word' id='word_1_506' title='bbox 411 3502 490 3559; x_wconf 92' lang='lat' dir='ltr'>uobis</span> <span class='ocrx_word' id='word_1_507' title='bbox 501 3504 578 3573; x_wconf 80' lang='lat' dir='ltr'>diss,</span> <span class='ocrx_word' id='word_1_508' title='bbox 588 3508 615 3559; x_wconf 89' lang='lat' dir='ltr'>tu</span> <span class='ocrx_word' id='word_1_509' title='bbox 629 3522 682 3562; x_wconf 92' lang='lat' dir='ltr'>una</span> <span class='ocrx_word' id='word_1_510' title='bbox 690 3516 718 3561; x_wconf 91' lang='lat' dir='ltr'>et</span> <span class='ocrx_word' id='word_1_511' title='bbox 727 3508 812 3563; x_wconf 86' lang='lat' dir='ltr'>altera</span> <span class='ocrx_word' id='word_1_512' title='bbox 822 3508 909 3565; x_wconf 85' lang='lat' dir='ltr'>classe</span> <span class='ocrx_word' id='word_1_513' title='bbox 918 3507 1086 3575; x_wconf 80' lang='lat' dir='ltr'>Questiones</span> <span class='ocrx_word' id='word_1_514' title='bbox 1095 3523 1198 3575; x_wconf 88' lang='lat' dir='ltr'>omnes,</span> <span class='ocrx_word' id='word_1_515' title='bbox 1210 3508 1405 3579; x_wconf 88' lang='lat' dir='ltr'>necaliaquam</span> <span class='ocrx_word' id='word_1_516' title='bbox 1418 3508 1444 3562; x_wconf 91' lang='lat' dir='ltr'>iu</span> <span class='ocrx_word' id='word_1_517' title='bbox 1453 3522 1552 3564; x_wconf 85' lang='lat' dir='ltr'>excuso</span> <span class='ocrx_word' id='word_1_518' title='bbox 1560 3507 1684 3578; x_wconf 87' lang='lat' dir='ltr'>superius</span> <span class='ocrx_word' id='word_1_519' title='bbox 1691 3506 1806 3563; x_wconf 86' lang='lat' dir='ltr'>elencho</span> 
     </span>
     <span class='ocr_line' id='line_1_38' title="bbox 152 3595 1806 3673; baseline 0.004 -23"><span class='ocrx_word' id='word_1_520' title='bbox 152 3595 284 3665; x_wconf 92' lang='lat' dir='ltr'>cernitur,</span> <span class='ocrx_word' id='word_1_521' title='bbox 299 3597 404 3655; x_wconf 88' lang='lat' dir='ltr'>ratione</span> <span class='ocrx_word' id='word_1_522' title='bbox 416 3606 443 3654; x_wconf 89' lang='lat' dir='ltr'>et</span> <span class='ocrx_word' id='word_1_523' title='bbox 452 3598 547 3655; x_wconf 90' lang='lat' dir='ltr'>ordine</span> <span class='ocrx_word' id='word_1_524' title='bbox 560 3599 677 3671; x_wconf 72' lang='lat' dir='ltr'>digestas</span> <span class='ocrx_word' id='word_1_525' title='bbox 689 3602 910 3673; x_wconf 89' lang='lat' dir='ltr'>complectantur.</span> <span class='ocrx_word' id='word_1_526' title='bbox 924 3601 996 3658; x_wconf 89' lang='lat' dir='ltr'>Nihil</span> <span class='ocrx_word' id='word_1_527' title='bbox 1010 3616 1059 3657; x_wconf 87' lang='lat' dir='ltr'>uos</span> <span class='ocrx_word' id='word_1_528' title='bbox 1072 3602 1098 3657; x_wconf 93' lang='lat' dir='ltr'>iu</span> <span class='ocrx_word' id='word_1_529' title='bbox 1109 3602 1254 3659; x_wconf 86' lang='lat' dir='ltr'>constituta</span> <span class='ocrx_word' id='word_1_530' title='bbox 1267 3617 1314 3671; x_wconf 90' lang='lat' dir='ltr'>per</span> <span class='ocrx_word' id='word_1_531' title='bbox 1322 3601 1510 3667; x_wconf 84' lang='lat' dir='ltr'>Haemercunr,</span> <span class='ocrx_word' id='word_1_532' title='bbox 1526 3614 1627 3673; x_wconf 88' lang='lat' dir='ltr'>perque</span> <span class='ocrx_word' id='word_1_533' title='bbox 1640 3600 1806 3671; x_wconf 88' lang='lat' dir='ltr'>posteriores</span> 
     </span>
     <span class='ocr_line' id='line_1_39' title="bbox 152 3689 1806 3766; baseline 0.001 -20"><span class='ocrx_word' id='word_1_534' title='bbox 152 3690 288 3747; x_wconf 88' lang='lat' dir='ltr'>editiones</span> <span class='ocrx_word' id='word_1_535' title='bbox 306 3689 363 3763; x_wconf 81' lang='lat' dir='ltr'>jane</span> <span class='ocrx_word' id='word_1_536' title='bbox 382 3690 540 3748; x_wconf 81' lang='lat' dir='ltr'>continuata</span> <span class='ocrx_word' id='word_1_537' title='bbox 561 3692 749 3751; x_wconf 86' lang='lat' dir='ltr'>distributione</span> <span class='ocrx_word' id='word_1_538' title='bbox 773 3694 931 3751; x_wconf 86' lang='lat' dir='ltr'>mutandum</span> <span class='ocrx_word' id='word_1_539' title='bbox 951 3694 1097 3751; x_wconf 84' lang='lat' dir='ltr'>duximus:</span> <span class='ocrx_word' id='word_1_540' title='bbox 1112 3692 1165 3751; x_wconf 87' lang='lat' dir='ltr'>nisi</span> <span class='ocrx_word' id='word_1_541' title='bbox 1188 3692 1259 3765; x_wconf 91' lang='lat' dir='ltr'>quod</span> <span class='ocrx_word' id='word_1_542' title='bbox 1282 3692 1389 3766; x_wconf 83' lang='lat' dir='ltr'>aliquod</span> <span class='ocrx_word' id='word_1_543' title='bbox 1401 3691 1463 3749; x_wconf 89' lang='lat' dir='ltr'>iude</span> <span class='ocrx_word' id='word_1_544' title='bbox 1477 3692 1644 3761; x_wconf 80' lang='lat' dir='ltr'>Quaesuones</span> <span class='ocrx_word' id='word_1_545' title='bbox 1659 3690 1806 3747; x_wconf 77' lang='lat' dir='ltr'>transferre</span> 
     </span>
     <span class='ocr_line' id='line_1_40' title="bbox 151 3783 1806 3860; baseline 0 -21"><span class='ocrx_word' id='word_1_546' title='bbox 151 3784 243 3840; x_wconf 78' lang='lat' dir='ltr'>visum</span> <span class='ocrx_word' id='word_1_547' title='bbox 256 3794 298 3841; x_wconf 84' lang='lat' dir='ltr'>est</span> <span class='ocrx_word' id='word_1_548' title='bbox 320 3786 348 3841; x_wconf 94' lang='lat' dir='ltr'>in</span> <span class='ocrx_word' id='word_1_549' title='bbox 361 3786 528 3857; x_wconf 73' lang='lat' dir='ltr'>superiorem</span> <span class='ocrx_word' id='word_1_550' title='bbox 548 3786 646 3843; x_wconf 91' lang='lat' dir='ltr'>librum</span> <span class='ocrx_word' id='word_1_551' title='bbox 661 3788 828 3846; x_wconf 85' lang='lat' dir='ltr'>collectionis</span> <span class='ocrx_word' id='word_1_552' title='bbox 841 3789 928 3860; x_wconf 91' lang='lat' dir='ltr'>primo</span> <span class='ocrx_word' id='word_1_553' title='bbox 941 3789 1073 3860; x_wconf 56' lang='lat' dir='ltr'>uulpem</span> <span class='ocrx_word' id='word_1_554' title='bbox 1089 3796 1119 3844; x_wconf 91' lang='lat' dir='ltr'>ut</span> <span class='ocrx_word' id='word_1_555' title='bbox 1139 3802 1200 3859; x_wconf 78' lang='lat' dir='ltr'>qum</span> <span class='ocrx_word' id='word_1_556' title='bbox 1219 3786 1254 3842; x_wconf 91' lang='lat' dir='ltr'>de</span> <span class='ocrx_word' id='word_1_557' title='bbox 1270 3786 1365 3843; x_wconf 89' lang='lat' dir='ltr'>eodem</span> <span class='ocrx_word' id='word_1_558' title='bbox 1385 3793 1544 3857; x_wconf 73' lang='lat' dir='ltr'>argumento</span> <span class='ocrx_word' id='word_1_559' title='bbox 1571 3791 1663 3855; x_wconf 76' lang='lat' dir='ltr'>agunt,</span> <span class='ocrx_word' id='word_1_560' title='bbox 1676 3783 1753 3855; x_wconf 85' lang='lat' dir='ltr'>juxta</span> <span class='ocrx_word' id='word_1_561' title='bbox 1775 3796 1806 3839; x_wconf 85' lang='lat' dir='ltr'>se</span> 
     </span>
     <span class='ocr_line' id='line_1_41' title="bbox 152 3874 1804 3953; baseline 0 -22"><span class='ocrx_word' id='word_1_562' title='bbox 152 3876 305 3945; x_wconf 88' lang='lat' dir='ltr'>collocatis,</span> <span class='ocrx_word' id='word_1_563' title='bbox 321 3876 385 3949; x_wconf 92' lang='lat' dir='ltr'>quid</span> <span class='ocrx_word' id='word_1_564' title='bbox 394 3877 463 3935; x_wconf 90' lang='lat' dir='ltr'>inter</span> <span class='ocrx_word' id='word_1_565' title='bbox 477 3878 535 3935; x_wconf 85' lang='lat' dir='ltr'>illas</span> <span class='ocrx_word' id='word_1_566' title='bbox 545 3878 693 3937; x_wconf 88' lang='lat' dir='ltr'>intercedat</span> <span class='ocrx_word' id='word_1_567' title='bbox 701 3882 837 3939; x_wconf 75' lang='lat' dir='ltr'>redemtis</span> <span class='ocrx_word' id='word_1_568' title='bbox 850 3882 937 3953; x_wconf 90' lang='lat' dir='ltr'>primo</span> <span class='ocrx_word' id='word_1_569' title='bbox 950 3890 1097 3953; x_wconf 87' lang='lat' dir='ltr'>conspectu</span> <span class='ocrx_word' id='word_1_570' title='bbox 1108 3879 1310 3952; x_wconf 63' lang='lat' dir='ltr'>deprehendam</span> <span class='ocrx_word' id='word_1_571' title='bbox 1324 3889 1378 3935; x_wconf 92' lang='lat' dir='ltr'>tum</span> <span class='ocrx_word' id='word_1_572' title='bbox 1388 3880 1469 3935; x_wconf 89' lang='lat' dir='ltr'>etiam</span> <span class='ocrx_word' id='word_1_573' title='bbox 1483 3886 1542 3934; x_wconf 86' lang='lat' dir='ltr'>utra</span> <span class='ocrx_word' id='word_1_574' title='bbox 1557 3877 1680 3933; x_wconf 86' lang='lat' dir='ltr'>collectio</span> <span class='ocrx_word' id='word_1_575' title='bbox 1694 3877 1720 3931; x_wconf 93' lang='lat' dir='ltr'>in</span> <span class='ocrx_word' id='word_1_576' title='bbox 1735 3874 1804 3932; x_wconf 89' lang='lat' dir='ltr'>Nss.</span> 
     </span>
     <span class='ocr_line' id='line_1_42' title="bbox 151 3966 1807 4049; baseline -0.002 -22"><span class='ocrx_word' id='word_1_577' title='bbox 151 3972 290 4043; x_wconf 75' lang='lat' dir='ltr'>antiquior</span> <span class='ocrx_word' id='word_1_578' title='bbox 302 3981 330 4029; x_wconf 91' lang='lat' dir='ltr'>et</span> <span class='ocrx_word' id='word_1_579' title='bbox 344 3974 476 4031; x_wconf 85' lang='lat' dir='ltr'>sincerior</span> <span class='ocrx_word' id='word_1_580' title='bbox 489 3975 534 4044; x_wconf 91' lang='lat' dir='ltr'>sit,</span> <span class='ocrx_word' id='word_1_581' title='bbox 556 3977 600 4032; x_wconf 83' lang='lat' dir='ltr'>vel</span> <span class='ocrx_word' id='word_1_582' title='bbox 625 3976 713 4047; x_wconf 91' lang='lat' dir='ltr'>potios</span> <span class='ocrx_word' id='word_1_583' title='bbox 725 3992 759 4032; x_wconf 91' lang='lat' dir='ltr'>an</span> <span class='ocrx_word' id='word_1_584' title='bbox 775 3985 886 4049; x_wconf 86' lang='lat' dir='ltr'>utraque</span> <span class='ocrx_word' id='word_1_585' title='bbox 899 3975 1097 4047; x_wconf 89' lang='lat' dir='ltr'>interpolatoris</span> <span class='ocrx_word' id='word_1_586' title='bbox 1110 3974 1194 4045; x_wconf 89' lang='lat' dir='ltr'>inepti</span> <span class='ocrx_word' id='word_1_587' title='bbox 1208 3988 1317 4029; x_wconf 88' lang='lat' dir='ltr'>manum</span> <span class='ocrx_word' id='word_1_588' title='bbox 1331 3972 1440 4041; x_wconf 80' lang='lat' dir='ltr'>reserat,</span> <span class='ocrx_word' id='word_1_589' title='bbox 1466 3971 1613 4043; x_wconf 81' lang='lat' dir='ltr'>dijudicare</span> <span class='ocrx_word' id='word_1_590' title='bbox 1634 3970 1732 4042; x_wconf 86' lang='lat' dir='ltr'>possis.</span> <span class='ocrx_word' id='word_1_591' title='bbox 1746 3966 1807 4025; x_wconf 81' lang='lat' dir='ltr'>Cae·</span> 
     </span>
     <span class='ocr_line' id='line_1_43' title="bbox 153 4061 1804 4141; baseline -0.005 -17"><span class='ocrx_word' id='word_1_592' title='bbox 153 4074 244 4124; x_wconf 87' lang='lat' dir='ltr'>terum</span> <span class='ocrx_word' id='word_1_593' title='bbox 258 4066 292 4123; x_wconf 92' lang='lat' dir='ltr'>de</span> <span class='ocrx_word' id='word_1_594' title='bbox 299 4067 471 4140; x_wconf 87' lang='lat' dir='ltr'>subsequenti</span> <span class='ocrx_word' id='word_1_595' title='bbox 482 4084 563 4141; x_wconf 89' lang='lat' dir='ltr'>opere</span> <span class='ocrx_word' id='word_1_596' title='bbox 584 4069 657 4125; x_wconf 89' lang='lat' dir='ltr'>idem</span> <span class='ocrx_word' id='word_1_597' title='bbox 676 4068 749 4141; x_wconf 89' lang='lat' dir='ltr'>quod</span> <span class='ocrx_word' id='word_1_598' title='bbox 768 4070 802 4127; x_wconf 87' lang='lat' dir='ltr'>de</span> <span class='ocrx_word' id='word_1_599' title='bbox 816 4069 906 4141; x_wconf 88' lang='lat' dir='ltr'>priore</span> <span class='ocrx_word' id='word_1_600' title='bbox 916 4068 1009 4128; x_wconf 89' lang='lat' dir='ltr'>sentiri</span> <span class='ocrx_word' id='word_1_601' title='bbox 1028 4069 1121 4124; x_wconf 84' lang='lat' dir='ltr'>volunt</span> <span class='ocrx_word' id='word_1_602' title='bbox 1134 4064 1314 4122; x_wconf 78' lang='lat' dir='ltr'>bononienses</span> <span class='ocrx_word' id='word_1_603' title='bbox 1328 4064 1457 4135; x_wconf 76' lang='lat' dir='ltr'>Theoioqi</span> <span class='ocrx_word' id='word_1_604' title='bbox 1468 4082 1475 4118; x_wconf 88' lang='lat'>:</span> <span class='ocrx_word' id='word_1_605' title='bbox 1486 4062 1558 4135; x_wconf 90' lang='lat' dir='ltr'>quod</span> <span class='ocrx_word' id='word_1_606' title='bbox 1568 4062 1652 4132; x_wconf 75' lang='lat' dir='ltr'>nana,</span> <span class='ocrx_word' id='word_1_607' title='bbox 1669 4061 1804 4133; x_wconf 90' lang='lat' dir='ltr'>inquiunt,</span> 
     </span>
     <span class='ocr_line' id='line_1_44' title="bbox 152 4160 919 4233; baseline 0.003 -18"><span class='ocrx_word' id='word_1_608' title='bbox 152 4160 292 4215; x_wconf 85' lang='lat' dir='ltr'>contineat</span> <span class='ocrx_word' id='word_1_609' title='bbox 302 4167 331 4216; x_wconf 92' lang='lat' dir='ltr'>et</span> <span class='ocrx_word' id='word_1_610' title='bbox 341 4160 490 4231; x_wconf 77' lang='lat' dir='ltr'>Augustino</span> <span class='ocrx_word' id='word_1_611' title='bbox 500 4161 617 4233; x_wconf 70' lang='lat' dir='ltr'>indigua,</span> <span class='ocrx_word' id='word_1_612' title='bbox 631 4171 683 4219; x_wconf 91' lang='lat' dir='ltr'>eta</span> <span class='ocrx_word' id='word_1_613' title='bbox 697 4163 810 4219; x_wconf 82' lang='lat' dir='ltr'>ueritate</span> <span class='ocrx_word' id='word_1_614' title='bbox 821 4162 919 4219; x_wconf 88' lang='lat' dir='ltr'>aliena.</span> 
     </span>
    </p>
   </div>
   <div class='ocr_carea' id='block_1_6' title="bbox 399 4360 1832 4742">
    <p class='ocr_par' dir='ltr' id='par_1_7' title="bbox 399 4360 1832 4742">
     <span class='ocr_line' id='line_1_45' title="bbox 665 4360 1832 4533; baseline -0.013 -34"><span class='ocrx_word' id='word_1_615' title='bbox 665 4360 1304 4533; x_wconf 76' lang='lat' dir='ltr'>Quesntonum</span> <span class='ocrx_word' id='word_1_616' title='bbox 1827 4422 1832 4526; x_wconf 75' lang='lat'>,</span> 
     </span>
     <span class='ocr_line' id='line_1_46' title="bbox 399 4553 1832 4742; baseline -0.015 -23"><span class='ocrx_word' id='word_1_617' title='bbox 399 4556 522 4719; x_wconf 80' lang='lat' dir='ltr'>ex</span> <span class='ocrx_word' id='word_1_618' title='bbox 548 4594 901 4713; x_wconf 74' lang='lat' dir='ltr'>verens</span> <span class='ocrx_word' id='word_1_619' title='bbox 929 4584 1551 4714; x_wconf 69' lang='lat' dir='ltr'>suscensere</span> <span class='ocrx_word' id='word_1_620' title='bbox 1762 4553 1832 4742; x_wconf 67' lang='lat' dir='ltr'>q</span> 
     </span>
    </p>
   </div>
   <div class='ocr_carea' id='block_1_7' title="bbox 842 4782 1121 4848">
    <p class='ocr_par' dir='ltr' id='par_1_8' title="bbox 842 4782 1121 4848">
     <span class='ocr_line' id='line_1_47' title="bbox 842 4782 1121 4848; baseline -0.032 -1"><span class='ocrx_word' id='word_1_621' title='bbox 842 4786 933 4848; x_wconf 76' lang='lat' dir='ltr'>entis</span> <span class='ocrx_word' id='word_1_622' title='bbox 949 4782 1121 4844; x_wconf 80' lang='lat' dir='ltr'>SECUNDA.</span> 
     </span>
    </p>
   </div>
   <div class='ocr_carea' id='block_1_8' title="bbox 155 4915 1852 5739">
    <p class='ocr_par' dir='ltr' id='par_1_9' title="bbox 155 4915 1852 5739">
     <span class='ocr_line' id='line_1_48' title="bbox 156 4915 1805 5003; baseline -0.013 -11"><span class='ocrx_word' id='word_1_623' title='bbox 156 4954 300 5001; x_wconf 57' lang='lat' dir='ltr'>querneus</span> <span class='ocrx_word' id='word_1_624' title='bbox 327 4952 375 4995; x_wconf 85' lang='lat' dir='ltr'>eos</span> <span class='ocrx_word' id='word_1_625' title='bbox 401 4950 446 5003; x_wconf 83' lang='lat' dir='ltr'>qur</span> <span class='ocrx_word' id='word_1_626' title='bbox 474 4946 579 4991; x_wconf 76' lang='lat' dir='ltr'>uacum</span> <span class='ocrx_word' id='word_1_627' title='bbox 606 4945 641 4986; x_wconf 84' lang='lat' dir='ltr'>tu</span> <span class='ocrx_word' id='word_1_628' title='bbox 666 4942 739 4985; x_wconf 81' lang='lat' dir='ltr'>penu</span> <span class='ocrx_word' id='word_1_629' title='bbox 759 4941 865 4993; x_wconf 80' lang='lat' dir='ltr'>umqum</span> <span class='ocrx_word' id='word_1_630' title='bbox 890 4940 957 4981; x_wconf 81' lang='lat' dir='ltr'>ren·</span> <span class='ocrx_word' id='word_1_631' title='bbox 1012 4934 1092 4993; x_wconf 75' lang='lat' dir='ltr'>quarm</span> <span class='ocrx_word' id='word_1_632' title='bbox 1106 4930 1165 4973; x_wconf 89' lang='lat' dir='ltr'>esse</span> <span class='ocrx_word' id='word_1_633' title='bbox 1179 4918 1322 4989; x_wconf 82' lang='lat' dir='ltr'>persuasit.</span> <span class='ocrx_word' id='word_1_634' title='bbox 1336 4918 1435 4974; x_wconf 91' lang='lat' dir='ltr'>Nolunt</span> <span class='ocrx_word' id='word_1_635' title='bbox 1456 4917 1528 4973; x_wconf 90' lang='lat' dir='ltr'>euim</span> <span class='ocrx_word' id='word_1_636' title='bbox 1550 4918 1584 4973; x_wconf 85' lang='lat' dir='ltr'>ad</span> <span class='ocrx_word' id='word_1_637' title='bbox 1597 4917 1682 4974; x_wconf 88' lang='lat' dir='ltr'>lieum</span> <span class='ocrx_word' id='word_1_638' title='bbox 1706 4915 1805 4972; x_wconf 89' lang='lat' dir='ltr'>hunuu</span> 
     </span>
     <span class='ocr_line' id='line_1_49' title="bbox 503 4987 1805 5113; baseline -0.012 -54"><span class='ocrx_word' id='word_1_639' title='bbox 503 5018 615 5059; x_wconf 73' lang='lat' dir='ltr'>eruens.</span> <span class='ocrx_word' id='word_1_640' title='bbox 1011 4988 1111 5061; x_wconf 88' lang='lat' dir='ltr'>aliquid</span> <span class='ocrx_word' id='word_1_641' title='bbox 1123 4990 1269 5113; x_wconf 57' lang='lat' dir='ltr'>pertinere.</span> <span class='ocrx_word' id='word_1_642' title='bbox 1281 4988 1404 5045; x_wconf 91' lang='lat' dir='ltr'>Nonnulli</span> <span class='ocrx_word' id='word_1_643' title='bbox 1415 4987 1482 5071; x_wconf 79' lang='lat' dir='ltr'>adeo</span> <span class='ocrx_word' id='word_1_644' title='bbox 1494 4989 1595 5045; x_wconf 87' lang='lat' dir='ltr'>seelera</span> <span class='ocrx_word' id='word_1_645' title='bbox 1609 5002 1657 5044; x_wconf 81' lang='lat' dir='ltr'>sua</span> <span class='ocrx_word' id='word_1_646' title='bbox 1677 4987 1805 5044; x_wconf 85' lang='lat' dir='ltr'>crimina-</span> 
     </span>
     <span class='ocr_line' id='line_1_50' title="bbox 192 5058 1805 5155; baseline -0.017 -14"><span class='ocrx_word' id='word_1_647' title='bbox 192 5069 863 5155; x_wconf 65' lang='lat' dir='ltr'>Quesr.catulini-Nullis,quossaecularisista</span> <span class='ocrx_word' id='word_1_648' title='bbox 872 5068 959 5139; x_wconf 75' lang='lat' dir='ltr'>caligo</span> <span class='ocrx_word' id='word_1_649' title='bbox 1011 5076 1063 5133; x_wconf 89' lang='lat' dir='ltr'>quc</span> <span class='ocrx_word' id='word_1_650' title='bbox 1086 5060 1119 5116; x_wconf 91' lang='lat' dir='ltr'>de</span> <span class='ocrx_word' id='word_1_651' title='bbox 1132 5059 1230 5115; x_wconf 90' lang='lat' dir='ltr'>endere</span> <span class='ocrx_word' id='word_1_652' title='bbox 1244 5060 1397 5143; x_wconf 77' lang='lat' dir='ltr'>cupientes,</span> <span class='ocrx_word' id='word_1_653' title='bbox 1416 5058 1486 5142; x_wconf 72' lang='grc' dir='ltr'>ΝιιιιΙ</span> <span class='ocrx_word' id='word_1_654' title='bbox 1500 5060 1659 5143; x_wconf 67' lang='lat' dir='ltr'>,inquiunt</span> <span class='ocrx_word' id='word_1_655' title='bbox 1684 5058 1805 5129; x_wconf 90' lang='lat' dir='ltr'>prodest,</span> 
     </span>
     <span class='ocr_line' id='line_1_51' title="bbox 155 5130 1807 5223; baseline -0.002 -34"><span class='ocrx_word' id='word_1_656' title='bbox 155 5155 280 5221; x_wconf 55' lang='lat' dir='ltr'>0330,qu</span> <span class='ocrx_word' id='word_1_657' title='bbox 296 5147 626 5223; x_wconf 58' lang='lat' dir='ltr'>plurimumqpspfioemus‚</span> <span class='ocrx_word' id='word_1_658' title='bbox 642 5143 665 5197; x_wconf 74' lang='lat' dir='ltr'>si</span> <span class='ocrx_word' id='word_1_659' title='bbox 678 5140 787 5198; x_wconf 74' lang='lat' dir='ltr'>solliciti</span> <span class='ocrx_word' id='word_1_660' title='bbox 800 5138 958 5209; x_wconf 81' lang='lat' dir='ltr'>Deipraece·</span> <span class='ocrx_word' id='word_1_661' title='bbox 1011 5132 1079 5187; x_wconf 91' lang='lat' dir='ltr'>benc</span> <span class='ocrx_word' id='word_1_662' title='bbox 1094 5146 1127 5187; x_wconf 89' lang='lat' dir='ltr'>an</span> <span class='ocrx_word' id='word_1_663' title='bbox 1143 5130 1212 5213; x_wconf 78' lang='lat' dir='ltr'>mule</span> <span class='ocrx_word' id='word_1_664' title='bbox 1226 5146 1309 5186; x_wconf 80' lang='lat' dir='ltr'>urnas.</span> <span class='ocrx_word' id='word_1_665' title='bbox 1320 5130 1412 5213; x_wconf 82' lang='lat' dir='ltr'>Neque</span> <span class='ocrx_word' id='word_1_666' title='bbox 1432 5144 1504 5213; x_wconf 82' lang='lat' dir='ltr'>eorm</span> <span class='ocrx_word' id='word_1_667' title='bbox 1516 5139 1566 5186; x_wconf 84' lang='lat' dir='ltr'>usta</span> <span class='ocrx_word' id='word_1_668' title='bbox 1587 5146 1656 5213; x_wconf 82' lang='lat' dir='ltr'>nunc</span> <span class='ocrx_word' id='word_1_669' title='bbox 1669 5130 1726 5186; x_wconf 85' lang='lat' dir='ltr'>Dee</span> <span class='ocrx_word' id='word_1_670' title='bbox 1741 5144 1807 5186; x_wconf 86' lang='lat' dir='ltr'>eura</span> 
     </span>
     <span class='ocr_line' id='line_1_52' title="bbox 156 5200 1806 5297; baseline -0.013 -18"><span class='ocrx_word' id='word_1_671' title='bbox 156 5238 204 5297; x_wconf 85' lang='lat' dir='ltr'>pta</span> <span class='ocrx_word' id='word_1_672' title='bbox 216 5238 366 5289; x_wconf 77' lang='lat' dir='ltr'>servemus,</span> <span class='ocrx_word' id='word_1_673' title='bbox 379 5222 402 5277; x_wconf 86' lang='lat' dir='ltr'>ei</span> <span class='ocrx_word' id='word_1_674' title='bbox 413 5220 570 5275; x_wconf 87' lang='lat' dir='ltr'>occasiones</span> <span class='ocrx_word' id='word_1_675' title='bbox 586 5212 760 5283; x_wconf 90' lang='lat' dir='ltr'>delinquendi</span> <span class='ocrx_word' id='word_1_676' title='bbox 774 5210 916 5281; x_wconf 74' lang='lat' dir='ltr'>fugiamus,</span> <span class='ocrx_word' id='word_1_677' title='bbox 935 5208 959 5264; x_wconf 89' lang='lat' dir='ltr'>si</span> <span class='ocrx_word' id='word_1_678' title='bbox 1011 5212 1062 5268; x_wconf 89' lang='lat' dir='ltr'>est,</span> <span class='ocrx_word' id='word_1_679' title='bbox 1078 5211 1107 5258; x_wconf 89' lang='lat' dir='ltr'>nt</span> <span class='ocrx_word' id='word_1_680' title='bbox 1130 5210 1156 5257; x_wconf 90' lang='lat' dir='ltr'>te</span> <span class='ocrx_word' id='word_1_681' title='bbox 1180 5201 1285 5284; x_wconf 68' lang='lat' dir='ltr'>drrorsa</span> <span class='ocrx_word' id='word_1_682' title='bbox 1309 5216 1358 5283; x_wconf 81' lang='lat' dir='ltr'>pro</span> <span class='ocrx_word' id='word_1_683' title='bbox 1381 5208 1502 5284; x_wconf 79' lang='lat' dir='ltr'>instituto</span> <span class='ocrx_word' id='word_1_684' title='bbox 1525 5216 1634 5273; x_wconf 82' lang='lat' dir='ltr'>proprio</span> <span class='ocrx_word' id='word_1_685' title='bbox 1654 5200 1806 5283; x_wconf 77' lang='lat' dir='ltr'>morboque</span> 
     </span>
     <span class='ocr_line' id='line_1_53' title="bbox 156 5270 1808 5401; baseline -0.016 -48"><span class='ocrx_word' id='word_1_686' title='bbox 156 5300 231 5355; x_wconf 90' lang='lat' dir='ltr'>hona</span> <span class='ocrx_word' id='word_1_687' title='bbox 246 5294 335 5351; x_wconf 90' lang='lat' dir='ltr'>omnia</span> <span class='ocrx_word' id='word_1_688' title='bbox 358 5291 467 5348; x_wconf 68' lang='lat' dir='ltr'>raineri</span> <span class='ocrx_word' id='word_1_689' title='bbox 480 5287 569 5345; x_wconf 91' lang='lat' dir='ltr'>studio</span> <span class='ocrx_word' id='word_1_690' title='bbox 583 5285 696 5355; x_wconf 88' lang='lat' dir='ltr'>implore</span> <span class='ocrx_word' id='word_1_691' title='bbox 707 5297 845 5345; x_wconf 89' lang='lat' dir='ltr'>conemur,</span> <span class='ocrx_word' id='word_1_692' title='bbox 860 5281 883 5337; x_wconf 87' lang='lat' dir='ltr'>si</span> <span class='ocrx_word' id='word_1_693' title='bbox 900 5282 959 5336; x_wconf 87' lang='lat' dir='ltr'>ilie·</span> <span class='ocrx_word' id='word_1_694' title='bbox 1011 5281 1150 5401; x_wconf 51' lang='lat' dir='ltr'>gerentem</span> <span class='ocrx_word' id='word_1_695' title='bbox 1164 5271 1277 5327; x_wconf 84' lang='lat' dir='ltr'>sollrcrte</span> <span class='ocrx_word' id='word_1_696' title='bbox 1290 5270 1396 5327; x_wconf 80' lang='lat' dir='ltr'>destruet</span> <span class='ocrx_word' id='word_1_697' title='bbox 1409 5286 1539 5343; x_wconf 78' lang='lat' dir='ltr'>aspicere,</span> <span class='ocrx_word' id='word_1_698' title='bbox 1553 5280 1580 5328; x_wconf 90' lang='lat' dir='ltr'>et</span> <span class='ocrx_word' id='word_1_699' title='bbox 1597 5271 1675 5329; x_wconf 85' lang='lat' dir='ltr'>ioedts</span> <span class='ocrx_word' id='word_1_700' title='bbox 1685 5271 1808 5353; x_wconf 75' lang='lat' dir='ltr'>aliquan-</span> 
     </span>
     <span class='ocr_line' id='line_1_54' title="bbox 157 5342 1801 5433; baseline -0.013 -15"><span class='ocrx_word' id='word_1_701' title='bbox 157 5370 313 5433; x_wconf 78' lang='lat' dir='ltr'>rebrarum,</span> <span class='ocrx_word' id='word_1_702' title='bbox 326 5363 505 5431; x_wconf 86' lang='lat' dir='ltr'>uitiorumque</span> <span class='ocrx_word' id='word_1_703' title='bbox 528 5356 710 5413; x_wconf 84' lang='lat' dir='ltr'>blandimenta</span> <span class='ocrx_word' id='word_1_704' title='bbox 734 5352 886 5409; x_wconf 87' lang='lat' dir='ltr'>seductoria</span> <span class='ocrx_word' id='word_1_705' title='bbox 911 5366 959 5407; x_wconf 91' lang='lat' dir='ltr'>ne·</span> <span class='ocrx_word' id='word_1_706' title='bbox 1031 5346 1112 5401; x_wconf 89' lang='lat' dir='ltr'>otuis</span> <span class='ocrx_word' id='word_1_707' title='bbox 1127 5342 1231 5427; x_wconf 75' lang='lat' dir='ltr'>actibus</span> <span class='ocrx_word' id='word_1_708' title='bbox 1245 5342 1336 5427; x_wconf 71' lang='lat' dir='ltr'>oculos</span> <span class='ocrx_word' id='word_1_709' title='bbox 1350 5343 1523 5413; x_wconf 87' lang='lat' dir='ltr'>permiscere.</span> <span class='ocrx_word' id='word_1_710' title='bbox 1539 5343 1613 5425; x_wconf 77' lang='lat' dir='ltr'>Vana</span> <span class='ocrx_word' id='word_1_711' title='bbox 1629 5350 1691 5427; x_wconf 83' lang='lat' dir='ltr'>sunt</span> <span class='ocrx_word' id='word_1_712' title='bbox 1701 5357 1801 5411; x_wconf 85' lang='lat' dir='ltr'>omma,</span> 
     </span>
     <span class='ocr_line' id='line_1_55' title="bbox 156 5411 1804 5509; baseline -0.013 -18"><span class='ocrx_word' id='word_1_713' title='bbox 156 5440 304 5509; x_wconf 76' lang='lat' dir='ltr'>gligamus,</span> <span class='ocrx_word' id='word_1_714' title='bbox 315 5434 338 5491; x_wconf 85' lang='lat' dir='ltr'>si</span> <span class='ocrx_word' id='word_1_715' title='bbox 354 5433 426 5489; x_wconf 88' lang='lat' dir='ltr'>nulia</span> <span class='ocrx_word' id='word_1_716' title='bbox 441 5446 489 5487; x_wconf 89' lang='lat' dir='ltr'>nos</span> <span class='ocrx_word' id='word_1_717' title='bbox 500 5428 623 5485; x_wconf 83' lang='lat' dir='ltr'>saeculari</span> <span class='ocrx_word' id='word_1_718' title='bbox 644 5426 787 5482; x_wconf 90' lang='lat' dir='ltr'>dulcedine</span> <span class='ocrx_word' id='word_1_719' title='bbox 801 5424 859 5495; x_wconf 88' lang='lat' dir='ltr'>capi</span> <span class='ocrx_word' id='word_1_720' title='bbox 873 5422 959 5494; x_wconf 89' lang='lat' dir='ltr'>patia-</span> <span class='ocrx_word' id='word_1_721' title='bbox 1012 5430 1072 5488; x_wconf 90' lang='lat' dir='ltr'>quae</span> <span class='ocrx_word' id='word_1_722' title='bbox 1082 5424 1111 5471; x_wconf 94' lang='lat' dir='ltr'>ut</span> <span class='ocrx_word' id='word_1_723' title='bbox 1134 5415 1237 5471; x_wconf 79' lang='lat' dir='ltr'>lubitum</span> <span class='ocrx_word' id='word_1_724' title='bbox 1259 5412 1339 5469; x_wconf 81' lang='lat' dir='ltr'>luerit</span> <span class='ocrx_word' id='word_1_725' title='bbox 1362 5414 1530 5469; x_wconf 86' lang='lat' dir='ltr'>celebrantur</span> <span class='ocrx_word' id='word_1_726' title='bbox 1544 5430 1557 5497; x_wconf 74' lang='grc' dir='ltr'>εΙ</span> <span class='ocrx_word' id='word_1_727' title='bbox 1567 5430 1592 5497; x_wconf 75' lang='lat'>¹⁵.</span> <span class='ocrx_word' id='word_1_728' title='bbox 1605 5430 1650 5485; x_wconf 88' lang='lat' dir='ltr'>qur</span> <span class='ocrx_word' id='word_1_729' title='bbox 1664 5415 1697 5468; x_wconf 84' lang='lat' dir='ltr'>ad</span> <span class='ocrx_word' id='word_1_730' title='bbox 1718 5411 1804 5469; x_wconf 84' lang='lat' dir='ltr'>Deum</span> 
     </span>
     <span class='ocr_line' id='line_1_56' title="bbox 157 5484 1792 5578; baseline -0.017 -12"><span class='ocrx_word' id='word_1_731' title='bbox 157 5525 221 5566; x_wconf 84' lang='lat' dir='ltr'>nrur</span> <span class='ocrx_word' id='word_1_732' title='bbox 249 5511 270 5563; x_wconf 90' lang='lat' dir='ltr'>si</span> <span class='ocrx_word' id='word_1_733' title='bbox 282 5514 379 5578; x_wconf 90' lang='lat' dir='ltr'>sponte</span> <span class='ocrx_word' id='word_1_734' title='bbox 393 5518 441 5575; x_wconf 90' lang='lat' dir='ltr'>pro</span> <span class='ocrx_word' id='word_1_735' title='bbox 455 5502 503 5557; x_wconf 87' lang='lat' dir='ltr'>Ilei</span> <span class='ocrx_word' id='word_1_736' title='bbox 528 5500 637 5555; x_wconf 90' lang='lat' dir='ltr'>nomine</span> <span class='ocrx_word' id='word_1_737' title='bbox 664 5496 798 5553; x_wconf 89' lang='lat' dir='ltr'>cruciatus</span> <span class='ocrx_word' id='word_1_738' title='bbox 814 5508 960 5566; x_wconf 62' lang='lat' dir='ltr'>monsque</span> <span class='ocrx_word' id='word_1_739' title='bbox 1011 5488 1137 5559; x_wconf 87' lang='lat' dir='ltr'>pertinet,</span> <span class='ocrx_word' id='word_1_740' title='bbox 1148 5492 1267 5541; x_wconf 86' lang='lat' dir='ltr'>secretus</span> <span class='ocrx_word' id='word_1_741' title='bbox 1280 5494 1321 5540; x_wconf 92' lang='lat' dir='ltr'>est</span> <span class='ocrx_word' id='word_1_742' title='bbox 1331 5492 1358 5540; x_wconf 88' lang='lat' dir='ltr'>et</span> <span class='ocrx_word' id='word_1_743' title='bbox 1370 5494 1488 5541; x_wconf 89' lang='lat' dir='ltr'>remotus</span> <span class='ocrx_word' id='word_1_744' title='bbox 1498 5485 1532 5542; x_wconf 88' lang='lat' dir='ltr'>ab</span> <span class='ocrx_word' id='word_1_745' title='bbox 1551 5494 1608 5539; x_wconf 83' lang='lat' dir='ltr'>ustus</span> <span class='ocrx_word' id='word_1_746' title='bbox 1621 5487 1701 5541; x_wconf 87' lang='lat' dir='ltr'>rebus</span> <span class='ocrx_word' id='word_1_747' title='bbox 1712 5484 1792 5539; x_wconf 82' lang='lat' dir='ltr'>lrarma</span> 
     </span>
     <span class='ocr_line' id='line_1_57' title="bbox 158 5550 1848 5642; baseline -0.017 -6"><span class='ocrx_word' id='word_1_748' title='bbox 158 5550 307 5636; x_wconf 76' lang='lat' dir='ltr'>sube’atmus</span> <span class='ocrx_word' id='word_1_749' title='bbox 334 5576 357 5633; x_wconf 91' lang='lat' dir='ltr'>si</span> <span class='ocrx_word' id='word_1_750' title='bbox 381 5584 495 5631; x_wconf 89' lang='lat' dir='ltr'>mortem</span> <span class='ocrx_word' id='word_1_751' title='bbox 512 5572 597 5642; x_wconf 87' lang='lat' dir='ltr'>ipsam</span> <span class='ocrx_word' id='word_1_752' title='bbox 622 5571 719 5625; x_wconf 89' lang='lat' dir='ltr'>uirtute</span> <span class='ocrx_word' id='word_1_753' title='bbox 742 5566 852 5640; x_wconf 87' lang='lat' dir='ltr'>spiritus</span> <span class='ocrx_word' id='word_1_754' title='bbox 865 5576 959 5621; x_wconf 79' lang='lat' dir='ltr'>conte·</span> <span class='ocrx_word' id='word_1_755' title='bbox 1011 5558 1064 5626; x_wconf 86' lang='lat' dir='ltr'>nis,</span> <span class='ocrx_word' id='word_1_756' title='bbox 1076 5568 1102 5614; x_wconf 93' lang='lat' dir='ltr'>et</span> <span class='ocrx_word' id='word_1_757' title='bbox 1114 5556 1175 5612; x_wconf 87' lang='lat' dir='ltr'>ideo</span> <span class='ocrx_word' id='word_1_758' title='bbox 1187 5568 1237 5609; x_wconf 88' lang='lat' dir='ltr'>nec</span> <span class='ocrx_word' id='word_1_759' title='bbox 1250 5554 1382 5622; x_wconf 90' lang='lat' dir='ltr'>irascitur,</span> <span class='ocrx_word' id='word_1_760' title='bbox 1392 5572 1442 5611; x_wconf 90' lang='lat' dir='ltr'>uec</span> <span class='ocrx_word' id='word_1_761' title='bbox 1456 5566 1595 5622; x_wconf 60' lang='lat' dir='ltr'>moretum</span> <span class='ocrx_word' id='word_1_762' title='bbox 1613 5556 1683 5611; x_wconf 90' lang='lat' dir='ltr'>nulla</span> <span class='ocrx_word' id='word_1_763' title='bbox 1702 5556 1740 5609; x_wconf 90' lang='lat' dir='ltr'>illi</span> <span class='ocrx_word' id='word_1_764' title='bbox 1756 5554 1806 5609; x_wconf 87' lang='lat' dir='ltr'>hu·</span> <span class='ocrx_word' id='word_1_765' title='bbox 1838 5604 1848 5627; x_wconf 85' lang='lat'>.·</span> 
     </span>
     <span class='ocr_line' id='line_1_58' title="bbox 158 5621 1852 5739; baseline -0.015 -32"><span class='ocrx_word' id='word_1_766' title='bbox 158 5666 295 5709; x_wconf 88' lang='lat' dir='ltr'>muamus.</span> <span class='ocrx_word' id='word_1_767' title='bbox 311 5621 375 5705; x_wconf 64' lang='lat' dir='ltr'>&#39;iltis</span> <span class='ocrx_word' id='word_1_768' title='bbox 400 5646 527 5701; x_wconf 87' lang='lat' dir='ltr'>nimirum</span> <span class='ocrx_word' id='word_1_769' title='bbox 547 5641 645 5712; x_wconf 90' lang='lat' dir='ltr'>quibus</span> <span class='ocrx_word' id='word_1_770' title='bbox 663 5638 825 5709; x_wconf 88' lang='lat' dir='ltr'>omnequod</span> <span class='ocrx_word' id='word_1_771' title='bbox 846 5639 957 5707; x_wconf 76' lang='lat' dir='ltr'>geritur,</span> <span class='ocrx_word' id='word_1_772' title='bbox 1012 5643 1150 5685; x_wconf 89' lang='lat' dir='ltr'>manarum</span> <span class='ocrx_word' id='word_1_773' title='bbox 1167 5626 1530 5693; x_wconf 84' lang='lat' dir='ltr'>rerunr‚nullanostriactus</span> <span class='ocrx_word' id='word_1_774' title='bbox 1545 5626 1805 5695; x_wconf 85' lang='lat' dir='ltr'>estcontemplatio;</span> <span class='ocrx_word' id='word_1_775' title='bbox 1834 5647 1852 5739; x_wconf 44' lang='lat' dir='ltr'><strong>k</strong></span> 
     </span>
    </p>
   </div>
   <div class='ocr_carea' id='block_1_9' title="bbox 115 5696 1806 5852">
    <p class='ocr_par' dir='ltr' id='par_1_10' title="bbox 115 5696 1806 5852">
     <span class='ocr_line' id='line_1_59' title="bbox 124 5696 1806 5797; baseline -0.001 -43"><span class='ocrx_word' id='word_1_776' title='bbox 124 5757 132 5797; x_wconf 39' lang='grc' dir='ltr'><strong><em>Β</em></strong></span> <span class='ocrx_word' id='word_1_777' title='bbox 158 5736 258 5782; x_wconf 52' lang='lat' dir='ltr'><strong>sensus</strong></span> <span class='ocrx_word' id='word_1_778' title='bbox 272 5720 323 5777; x_wconf 58' lang='lat'>5519</span> <span class='ocrx_word' id='word_1_779' title='bbox 344 5718 465 5775; x_wconf 59' lang='lat' dir='ltr'>,nonalis</span> <span class='ocrx_word' id='word_1_780' title='bbox 485 5730 535 5771; x_wconf 57' lang='grc' dir='ltr'><strong>Μ</strong></span> <span class='ocrx_word' id='word_1_781' title='bbox 549 5713 627 5769; x_wconf 61' lang='lat' dir='ltr'>laude</span> <span class='ocrx_word' id='word_1_782' title='bbox 646 5727 698 5768; x_wconf 66' lang='lat'>„00</span> <span class='ocrx_word' id='word_1_783' title='bbox 708 5710 903 5782; x_wconf 65' lang='lat' dir='ltr'>ppupemqonp</span> <span class='ocrx_word' id='word_1_784' title='bbox 914 5708 958 5765; x_wconf 66' lang='grc' dir='ltr'>(ιι.</span> <span class='ocrx_word' id='word_1_785' title='bbox 1012 5710 1083 5757; x_wconf 87' lang='lat' dir='ltr'>totus</span> <span class='ocrx_word' id='word_1_786' title='bbox 1096 5697 1173 5781; x_wconf 79' lang='lat' dir='ltr'>rotati</span> <span class='ocrx_word' id='word_1_787' title='bbox 1183 5697 1278 5778; x_wconf 68' lang='lat' dir='ltr'>¹surculi</span> <span class='ocrx_word' id='word_1_788' title='bbox 1291 5712 1401 5780; x_wconf 68' lang='lat' dir='ltr'>cursus,</span> <span class='ocrx_word' id='word_1_789' title='bbox 1412 5704 1438 5753; x_wconf 91' lang='lat' dir='ltr'>ct</span> <span class='ocrx_word' id='word_1_790' title='bbox 1452 5697 1571 5769; x_wconf 72' lang='lat' dir='ltr'>quaedam</span> <span class='ocrx_word' id='word_1_791' title='bbox 1589 5696 1716 5781; x_wconf 86' lang='lat' dir='ltr'>mundani</span> <span class='ocrx_word' id='word_1_792' title='bbox 1731 5697 1806 5754; x_wconf 85' lang='lat' dir='ltr'>orbis</span> 
     </span>
     <span class='ocr_line' id='line_1_60' title="bbox 115 5768 1803 5852; baseline -0.005 -21"><span class='ocrx_word' id='word_1_793' title='bbox 115 5796 134 5843; x_wconf 69' lang='lat' dir='ltr'>p</span> <span class='ocrx_word' id='word_1_794' title='bbox 1012 5768 1206 5840; x_wconf 79' lang='lat' dir='ltr'>inexplicabilis</span> <span class='ocrx_word' id='word_1_795' title='bbox 1231 5769 1369 5835; x_wconf 81' lang='lat' dir='ltr'>uolirtauu,</span> <span class='ocrx_word' id='word_1_796' title='bbox 1395 5778 1431 5825; x_wconf 84' lang='lat' dir='ltr'>tta</span> <span class='ocrx_word' id='word_1_797' title='bbox 1445 5780 1597 5839; x_wconf 84' lang='lat' dir='ltr'>correptum</span> <span class='ocrx_word' id='word_1_798' title='bbox 1615 5775 1685 5839; x_wconf 86' lang='lat' dir='ltr'>rapu</span> <span class='ocrx_word' id='word_1_799' title='bbox 1697 5777 1724 5824; x_wconf 89' lang='lat' dir='ltr'>et</span> <span class='ocrx_word' id='word_1_800' title='bbox 1738 5782 1803 5852; x_wconf 62' lang='lat' dir='ltr'>pro3</span> 
     </span>
    </p>
   </div>
   <div class='ocr_carea' id='block_1_10' title="bbox 191 5838 1804 5922">
    <p class='ocr_par' dir='ltr' id='par_1_11' title="bbox 191 5838 1804 5922">
     <span class='ocr_line' id='line_1_61' title="bbox 191 5838 1804 5922; baseline -0.005 -17"><span class='ocrx_word' id='word_1_801' title='bbox 191 5856 231 5922; x_wconf 78' lang='lat' dir='ltr'>(a)</span> <span class='ocrx_word' id='word_1_802' title='bbox 243 5854 415 5907; x_wconf 60' lang='lat' dir='ltr'>metium</span> <span class='ocrx_word' id='word_1_803' title='bbox 427 5851 616 5919; x_wconf 79' lang='lat' dir='ltr'>primiqeucrls.</span> <span class='ocrx_word' id='word_1_804' title='bbox 890 5877 893 5886; x_wconf 90' lang='lat'>·</span> <span class='ocrx_word' id='word_1_805' title='bbox 1010 5842 1079 5915; x_wconf 82' lang='lat' dir='ltr'>jicit,</span> <span class='ocrx_word' id='word_1_806' title='bbox 1094 5850 1124 5899; x_wconf 93' lang='lat' dir='ltr'>ut</span> <span class='ocrx_word' id='word_1_807' title='bbox 1146 5839 1244 5901; x_wconf 86' lang='lat' dir='ltr'>stultus</span> <span class='ocrx_word' id='word_1_808' title='bbox 1258 5839 1381 5901; x_wconf 85' lang='lat' dir='ltr'>credetur</span> <span class='ocrx_word' id='word_1_809' title='bbox 1396 5840 1516 5915; x_wconf 88' lang='lat' dir='ltr'>quisquis</span> <span class='ocrx_word' id='word_1_810' title='bbox 1541 5856 1571 5899; x_wconf 86' lang='lat' dir='ltr'>se</span> <span class='ocrx_word' id='word_1_811' title='bbox 1589 5840 1622 5898; x_wconf 89' lang='lat' dir='ltr'>ad</span> <span class='ocrx_word' id='word_1_812' title='bbox 1644 5850 1736 5900; x_wconf 68' lang='lat' dir='ltr'>creant</span> <span class='ocrx_word' id='word_1_813' title='bbox 1755 5838 1804 5897; x_wconf 79' lang='lat' dir='ltr'>ee</span> 
     </span>
    </p>
   </div>
   <div class='ocr_carea' id='block_1_11' title="bbox 0 0 2004 6356">
    <p class='ocr_par' dir='ltr' id='par_1_12' title="bbox 0 0 2004 6356">
     <span class='ocr_line' id='line_1_62' title="bbox 0 0 2004 6356; baseline 0 0"><span class='ocrx_word' id='word_1_814' title='bbox 0 0 2004 6356; x_wconf 95' lang='lat' dir='ltr'> </span> 
     </span>
    </p>
   </div>
  </div>
 </body>
</html>
