4000 6359
226 310 296 371 1185

224 428 389 497 sarnacum
401 438 545 499 conquesta
564 435 635 483 esset
647 426 681 483 de
696 425 821 487 doauina,
838 420 901 493 quaid
915 417 1016 477 audiuit

223 517 523 590 abtngatottteommre
532 517 566 573 ud
575 517 780 571 dominumtuum
788 511 865 584 (Gen.
878 527 934 573 xva,
946 506 1016 581 dc).

223 608 267 667 Ad
286 610 337 665 lucc
355 622 419 681 ergo
433 608 576 681 affligitur,
590 618 619 664 ut
635 613 793 663 revertatur.
807 604 894 673 Atque
914 601 1016 657 utinam

223 708 388 767 revertatmr
407 700 469 770 quia
485 700 574 771 protes
588 698 666 769 ejus,
687 697 756 753 sicut
770 696 817 751 lilii
839 693 921 750 iaacob
933 734 941 762 ,
955 706 1016 749 eum

223 790 351 849 barabas
367 786 548 847 haereditatem
563 788 671 844 tenebit.

261 882 307 937 11.
321 880 451 937 hstrantur
462 889 550 937 autem
569 879 629 951 quia
643 884 848 933 commoventur
870 882 1016 947 potestates

196 958 198 963 ¹
226 964 1015 1037 christianaeadrersusdetestandosdissipatoresbicclesiae.

224 1064 283 1123 Nou
306 1078 371 1135 ergo
393 1060 581 1119 moverentur?
602 1060 636 1115 Et
655 1058 788 1130 quomodo
812 1057 956 1114 redderent
973 1070 1018 1117 rau

227 1156 326 1213 tionem
339 1152 373 1211 de
385 1154 556 1225 imperiosae
569 1150 776 1209 beottnreacn
786 1148 909 1207 Charitas
927 1158 1016 1205 vestra

224 1244 287 1316 quid
302 1244 399 1310 dicam,
414 1243 476 1314 quia
497 1241 614 1315 pertinet
625 1240 675 1297 buc
689 1241 723 1296 ad
737 1253 812 1311 reges
838 1238 927 1295 saeculi
941 1238 1015 1295 chri-

223 1339 335 1404 stianos,
347 1345 377 1391 ut
395 1334 558 1405 temporibus
576 1334 632 1390 sais
653 1341 773 1405 pacatam
796 1332 878 1387 velint
903 1337 1016 1386 matrem

225 1442 300 1485 suam
317 1427 474 1493 Ecclesiam,
485 1425 733 1497 undespir'rtualltcr
746 1424 879 1479 natisunt.
891 1422 1016 1493 Legimus

226 1518 344 1575 Danielis
360 1518 477 1573 visiones
503 1524 531 1571 et
549 1523 622 1587 gesta
641 1514 804 1585 prophetica.
815 1512 882 1569 Tres
901 1512 975 1583 pueri
988 1512 1015 1566 iu

224 1609 286 1679 igne
307 1608 481 1663 laudaverunt
509 1605 649 1661 bertuinum
666 1623 674 1661 a
689 1608 800 1661 miratus
819 1614 860 1660 est
872 1602 1016 1659 Nabucho-

225 1699 343 1757 donosor
366 1712 412 1752 rer
428 1696 568 1751 laudantes
593 1696 675 1751 licum
700 1709 808 1765 pueros,
835 1700 862 1749 et
882 1693 952 1747 circa
968 1706 1016 1747 eos

224 1789 313 1859 ignem
327 1789 495 1843 innocentem
506 1787 534 1853 ¹2
555 1795 583 1840 et
601 1801 660 1841 curn
684 1785 830 1839 admiratus
855 1792 935 1851 esset,
952 1781 1016 1852 quid

223 1882 262 1939 ait
271 1879 514 1939 Nabuchodonosor
526 1894 583 1940 rer.
599 1892 652 1933 nou
671 1876 711 1932 vel
723 1876 831 1932 lrrdaeas
844 1876 887 1931 vel
900 1876 1016 1931 eircum-

222 1972 304 2037 cisus,
319 1970 364 2025 ille
382 1970 426 2041 qui
439 1977 553 2024 statuam
567 1982 639 2021 suam
653 1976 785 2031 erexerat,
798 1974 825 2019 ct
836 1964 940 2021 adeam
951 1963 1016 2019 ado—

222 2050 333 2117 randum
345 2074 439 2117 ornares
451 2068 591 2129 coegerat;
612 2066 702 2112 tranen
717 2057 839 2113 laardibus
853 2056 932 2112 trium
948 2071 1015 2127 puc-

221 2166 313 2209 rcrum
324 2159 484 2219 maritumas,
501 2149 544 2204 uhi
559 2148 624 2203 vidit
633 2147 798 2219 araajestatem
812 2148 859 2203 Dei
873 2148 1015 2219 praesentis

222 2243 250 2299 in
260 2243 332 2315 igue,
345 2241 409 2313 quid
421 2239 497 2296 aitis
516 2240 548 2294 Et
558 2254 607 2311 ego
622 2253 768 2309 proponam
778 2238 914 2295 decretum
925 2239 1014 2293 etuni-

151 2408 152 2411 ,
222 2330 1014 2403 bustribubusetliuguisinbannilem.»Qualedccrctuml

225 2424 412 2497 eodenmque
425 2423 542 2479 dixerint
555 2422 745 2490 blasphemiam
760 2422 788 2477 iu
806 2423 890 2479 Deum
908 2422 1012 2491 Sidrac,

223 2516 316 2582 tttmc,
336 2522 365 2573 et
385 2513 540 2585 Abdenago,
558 2513 584 2567 in
611 2512 746 2568 irateritum
765 2520 853 2581 errant,
879 2513 1014 2569 ctdomus

224 2624 318 2667 eorum
337 2607 363 2664 in
381 2606 556 2678 perditionem
575 2602 688 2679 ι(1)ιιιι.
710 2604 767 2679 ιιι).
790 2605 858 2661 Ecce
880 2604 1014 2675 quonaudo

220 2699 298 2755 saevit
317 2713 366 2754 reu
390 2696 548 2769 alienigena,
567 2710 601 2753 ne
614 2695 812 2767 blasphemetur
831 2696 900 2751 [leus
919 2692 1011 2762 lsrael,

221 2794 284 2865 guia
303 2790 389 2864 potuit
414 2798 469 2846 tres
490 2802 588 2858 pueros
601 2787 635 2844 de
648 2788 708 2859 igne
731 2788 843 2844 liberare
858 2805 865 2843 :
879 2795 907 2844 et
920 2787 1015 2843 nolraut

221 2894 252 2943 ιιι
262 2885 374 2943 saeviout
382 2896 460 2953 reges
471 2879 619 2945 christiani,
635 2878 697 2951 quia
712 2876 833 2935 Christus
844 2864 1013 2947 exsufflatur,

221 2988 306 3047 acuto
318 2989 374 3031 non
397 2973 546 3043 trespueri,
558 2972 606 3029 scd
627 2971 701 3027 orbis
719 2982 850 3026 terrarum
874 2986 935 3027 cum
949 2972 1014 3041 ipsis

221 3068 356 3139 regibusa
378 3064 559 3137 gehennarum
579 3062 639 3132 igue
652 3062 799 3117 liberaturi
816 3063 883 3119 Nam
908 3071 962 3119 tres
976 3064 1014 3119 itti

222 3160 309 3231 puori,
325 3159 421 3215 iratres
433 3157 496 3221 mei,
523 3155 628 3211 liberati
650 3155 761 3211 suntab
776 3156 837 3226 igne
861 3155 1012 3226 temporali.

222 3250 356 3322 Numquid
383 3264 436 3305 nou
459 3248 515 3317 ipsc
529 3256 571 3303 est
594 3247 664 3303 Deras
687 3245 908 3311 ltaehabarorum,
925 3245 970 3315 qui
984 3256 1014 3303 et

225 3342 305 3401 trium
321 3338 485 3414 puerorum?
503 3338 565 3395 lhos
576 3338 611 3393 ab
623 3339 683 3409 igne
693 3338 815 3393 liberavit
831 3356 838 3393 :
853 3338 890 3393 ihi
910 3339 935 3393 iu
958 3347 1014 3393 tor·

222 3434 322 3495 mentis
343 3432 428 3504 igneis
456 3444 569 3500 corpore
592 3428 756 3495 deiecerunt,
778 3428 826 3485 sed
845 3430 871 3484 in
888 3430 1013 3499 legitimis

223 3525 357 3583 mandatis
382 3524 472 3578 aniano
504 3528 717 3591 pernumerant.
743 3519 885 3591 llliaperte
909 3520 1012 3575 liberati

220 3614 345 3678 scubilii
365 3612 469 3671 occulte
492 3611 611 3667 coronati
625 3618 687 3666 sum
700 3608 734 3681 (ll
744 3608 862 3665 hartrat.
877 3608 935 3679 vu).
951 3610 1014 3665 l'lus

220 3718 264 3767 cst
275 3704 383 3765 liberari
395 3704 430 3761 dc
443 3704 548 3761 hamum
557 3702 749 3774 gehennarum,
764 3718 844 3772 quam
857 3702 891 3757 de
904 3700 1013 3757 lorriaco

219 3800 360 3873 potestatis
374 3797 506 3855 humanae.
520 3796 548 3853 Si
560 3810 625 3866 ergo
635 3794 880 3851 Nabuchodonosor
894 3811 940 3853 rax
955 3796 1014 3851 lau-

220 3894 293 3949 davit
320 3900 345 3949 et
363 3888 519 3962 praedicarit
536 3896 564 3943 et
576 3888 687 3957 gloriam
700 3885 774 3941 dedit
794 3886 932 3956 promota
948 3886 1013 3941 tibe-

221 3984 293 4047 ravit
304 3983 337 4039 dc
349 3982 410 4051 igare
422 3988 476 4035 trcs
488 3993 596 4050 pueros,
611 3988 639 4034 et
654 3987 753 4033 tantam
765 3978 876 4047 gloriam
889 3978 970 4044 dedit,
984 3987 1014 4034 ut

219 4077 357 4135 decretum
366 4070 482 4125 mitteret
496 4084 661 4140 perregnum
670 4083 758 4131 suarm,
771 4070 928 4141 Quicumque
939 4070 1012 4125 diuc-

221 4168 272 4223 rint
293 4160 477 4232 blasphemium
496 4158 524 4213 in
542 4156 626 4213 lirum
648 4159 751 4225 Sidrac,
774 4158 866 4224 iliano,
888 4168 912 4214 et
926 4160 1012 4213 Alale-

221 4272 298 4330 nugo,
316 4255 344 4310 t'n
363 4253 494 4308 interitum
508 4259 591 4319 erunt,
609 4260 631 4307 et
646 4250 735 4305 dornus
747 4264 831 4305 eorum
851 4252 878 4307 iu
892 4251 1014 4324 perditio·

222 4363 296 4407 mutar:
315 4344 451 4417 quotnodc
474 4342 517 4399 isti
543 4357 621 4415 reges
634 4358 687 4397 non
711 4351 880 4409 moveantur,
898 4344 1011 4413 quinon

222 4452 277 4497 tres
298 4450 396 4508 pucros
411 4432 556 4491 'attendunt
573 4433 698 4491 liberatos
723 4433 756 4489 de
768 4431 885 4502 damma,
911 4433 957 4491 sed
973 4448 1013 4491 se

221 4527 428 4603 ipsosliberatos
437 4525 471 4581 de
480 4523 612 4597 gehenna,
625 4524 829 4597 qrmardovidcut
839 4525 983 4593 Christum,
995 4542 1011 4583 a

220 4636 274 4693 quo
294 4616 397 4675 liberati
423 4624 494 4683 ararat,
517 4616 650 4673 essrrlllaui
665 4617 690 4672 iu
713 4616 880 4685 Christianis,
905 4620 1012 4690 qatarrdc

222 4710 334 4769 audiunt
346 4706 398 4767 dici
409 4706 563 4771 eluistianc,
578 4706 625 4763 bie
638 4714 664 4761 te
678 4722 730 4763 non
743 4721 803 4763 csso
814 4709 1012 4768 christianum?

221 4802 295 4861 'lulla
313 4798 402 4856 iacere
416 4798 519 4865 velunt,
535 4805 564 4853 et
576 4797 669 4852 saltem
682 4798 743 4853 talia
756 4800 810 4869 pati
822 4800 926 4857 nolunt.

256 4893 302 4951 15.
322 4888 387 4946 Νιιιιι
403 4888 491 4944 vialete
510 4887 597 4957 qraalia
611 4888 718 4957 iaciunt,
729 4900 755 4946 et
766 4891 852 4960 qualia
866 4894 1009 4962 palliantur.

221 4984 353 5045 (lucidum
367 4982 479 5045 amintas,
498 4978 650 5051 affliguntur
674 4981 699 5035 in
720 4996 834 5053 corpore
848 5000 856 5039 a
870 4987 1011 5056 sempiter-

220 5092 271 5137 nas
282 5086 385 5135 mortes
397 5072 504 5138 iaciunt,
521 5083 548 5127 et
560 5072 721 5143 temporales
735 5088 765 5133 se
778 5077 878 5146 perpeti
892 5092 1010 5151 conquae-

219 5179 325 5251 runtur.
348 5166 383 5225 tat
407 5175 494 5221 ιιιιιιιιι
516 5177 583 5234 naras
601 5164 908 5234 patiunturlPruieruut
931 5173 1008 5229 nohis

220 5262 397 5331 nescioquas
423 5257 450 5313 in
477 5256 661 5327 persecutione
686 5270 750 5313 suos
773 5267 915 5330 avertyrcs.
940 5262 1009 5320 Ecce

221 5350 354 5413 namatus
377 5349 412 5405 dc
431 5356 505 5419 petra
533 5344 712 5417 precipitatus
730 5356 792 5404 est:
808 5364 871 5407 ecce
892 5350 1009 5411 hortatus

221 5440 373 5517 bagaiensis
390 5439 417 5495 in
431 5446 540 5511 partuum
555 5436 654 5495 missus
663 5445 713 5495 est.
726 5438 839 5507 Qatmrdo
865 5452 1010 5512 potestates

220 5540 349 5601 naamam
367 5530 429 5599 tatia
453 5529 582 5600 supplicia
607 5529 793 5599 decreverunt,
813 5522 1009 5605 ut‘prncipita·

220 5618 536 5711 reaturhomh'rcslssaid
548 5629 636 5677 autem
652 5620 813 5693 respoudeat
824 5626 926 5681 nostrii
941 5628 1008 5699 Quid

252 5740 261 5773 ¹
273 5736 341 5801 mitti,
352 5736 539 5821 rma-moenem.
554 5740 617 5795 lass,
629 5730 784 5785 brummnmu.

687 304 718 361 m
737 299 875 361 rennuis
895 297 1130 368 svuueuumn.
1150 300 1179 358 s.
1199 304 1383 367 recusatur

1790 310 1859 372 1181

1069 422 1105 479 sit
1117 432 1220 495 gestum
1234 426 1345 483 nescio:
1361 437 1449 484 tamen
1464 426 1528 501 qaid
1542 428 1650 485 traduat
1666 429 1770 486 aostril
1790 431 1858 498 parta

1069 514 1118 585 ipsi
1140 530 1171 571 se
1185 516 1425 587 praecipitaverunt,
1440 527 1467 576 et
1479 527 1625 591 potestates
1641 518 1853 577 intentaverant.

1064 603 1250 663 Recordemur
1259 608 1477 665 consuetudinem
1491 618 1652 680 potestatum
1663 609 1855 681 Romanarum,

1068 706 1097 752 ut
1109 698 1245 755 sitleamus
1255 700 1298 756 cui
1310 700 1471 757 credendum
1484 702 1528 757 sit.
1542 702 1638 759 Dicunt
1655 706 1738 759 nostri
1748 704 1810 760 illos
1825 720 1856 763 ac

1068 789 1250 860 praecipitasse
1265 809 1272 846 :
1288 790 1312 847 sl
1326 806 1379 849 non
1397 801 1459 849 sunt
1477 794 1526 865 ipsi
1540 794 1661 867 discipuli
1674 796 1793 869 ipsorum
1811 795 1858 867 qni

1067 894 1098 935 se
1107 880 1188 937 modo
1200 881 1234 938 de
1247 887 1319 939 saxis
1331 883 1405 939 nullo
1424 893 1601 956 persequente
1610 888 1786 959 praecipitant,
1801 902 1856 945 non

1067 973 1209 1029 credamus
1224 991 1231 1029 τ
1244 974 1307 1045 quid
1319 975 1426 1046 mirum,
1440 976 1463 1032 si
1477 976 1598 1034 fecerum
1610 971 1650 1036 illi
1669 979 1740 1052 quod
1754 981 1858 1037 solenti

1067 1063 1133 1119 Nam
1147 1073 1294 1136 potestates
1304 1064 1431 1124 Romanae
1449 1084 1587 1141 nunqnam
1607 1070 1704 1129 talibus
1720 1072 1857 1145 suppliciis

1067 1165 1204 1211 amarant.
1224 1156 1292 1213 Num
1310 1160 1380 1214 enim
1402 1175 1455 1215 non
1468 1170 1591 1233 poteraut
1602 1161 1725 1218 occidere
1738 1162 1858 1235 aperte?

1068 1247 1121 1304 Sed
1134 1248 1171 1303 illi
1185 1249 1230 1319 apul
1251 1264 1281 1305 se
1302 1262 1422 1307 mortuos
1435 1252 1487 1308 coli
1511 1252 1663 1319 voluerunt,
1687 1252 1857 1311 iamosiorem

1067 1349 1180 1397 mortem
1192 1356 1245 1397 non
1260 1344 1426 1399 invenerunt.
1441 1342 1580 1401 Postremo
1587 1344 1714 1416 quidquid
1727 1346 1792 1402 illud
1803 1356 1854 1413 est,

1067 1452 1121 1492 nou
1144 1436 1215 1491 novi.
1236 1435 1272 1491 Et
1285 1436 1307 1491 si
1320 1451 1398 1506 passa
1410 1452 1450 1504 es,
1461 1451 1479 1492 o
1492 1452 1553 1508 pars
1566 1438 1671 1503 Donati,
1690 1440 1857 1509 corporalem

1066 1527 1238 1583 afflictionem
1258 1528 1293 1583 ab
1313 1526 1434 1583 Ecclesia
1455 1526 1596 1596 catholica,
1613 1543 1630 1584 a
1646 1528 1711 1585 Sara
1728 1545 1808 1601 passa
1826 1546 1857 1588 et

1067 1620 1155 1689 Agar;
1166 1618 1220 1673 retli
1234 1618 1269 1673 ud
1282 1618 1498 1673 dominumtuum.
1509 1618 1597 1675 Locus
1608 1619 1715 1691 cuidem
1728 1636 1855 1678 necessa·

1067 1708 1123 1763 rius
1148 1708 1283 1778 aliqrmnto
1306 1706 1406 1765 diutius
1425 1723 1475 1764 nos
1495 1710 1589 1772 tenuit,
1600 1719 1634 1775 ut
1652 1718 1753 1766 textum
1768 1718 1852 1771 totum

1066 1796 1226 1869 evangelicae
1253 1796 1376 1855 lectionis
1399 1811 1534 1869 exponere
1557 1795 1668 1854 minime
1691 1801 1853 1857 valeremus.

1066 1889 1185 1957 Fratres,
1193 1888 1307 1946 sufficiat
1321 1890 1426 1946 interim
1434 1890 1674 1957 charitativestrae,
1685 1892 1783 1949 nubae
1795 1908 1854 1964 que

1065 1980 1229 2051 dictasunt,
1253 1981 1366 2039 diceudo
1389 1982 1452 2049 alia,
1478 1983 1652 2040 excludantur
1674 1983 1709 2043 de
1729 1986 1855 2045 cordibus

1066 2073 1172 2130 vestris.
1193 2073 1257 2129 llaec
1274 2082 1372 2137 tenete,
1395 2074 1456 2129 talia
1478 2074 1569 2143 dicite,
1593 2074 1760 2135 flammantes
1789 2077 1855 2137 illuc

1065 2167 1211 2238 procedite,
1224 2167 1362 2224 accendite
1377 2165 1496 2239 lrigidos.

1322 2296 1528 2361 cunctatus
1539 2298 1597 2360 xtt.

1066 2412 1103 2470 tt
1117 2433 1146 2472 eo
1158 2414 1291 2485 Eomoetit
1303 2416 1366 2480 loeo,
1382 2415 1459 2485 Qrvod
1472 2422 1562 2471 nattam
1576 2425 1619 2473 est
1635 2411 1671 2473 de
1690 2432 1779 2486 earne,
1790 2424 1854 2475 caro'

1100 2518 1151 2578 cst,
1169 2521 1228 2578 ete,
1243 2526 1321 2577 uuam
1341 2509 1375 2563 od
1386 2510 1427 2576 id,
1441 2510 1491 2578 Qui
1511 2517 1599 2565 antem
1617 2509 1681 2565 irruit
1700 2511 1853 2583 veritatem,

1101 2599 1173 2655 verrit
1207 2600 1241 2655 ad
1276 2601 1373 2668 luceru,
1397 2608 1426 2655 ιιι
1456 2599 1659 2656 rarauiiesteutur
1678 2600 1736 2673 ejus
1761 2616 1854 2672 opera,

1099 2694 1161 2765 prta
1175 2694 1200 2748 ia
1213 2694 1268 2749 ileo
1279 2701 1341 2749 sunt
1355 2692 1432 2748 hacta.
1442 2691 1506 2765 Cup.
1522 2690 1697 2765 1111691·

1100 2808 1127 2863 1.
1143 2804 1185 2862 Ex
1196 2821 1230 2862 eo
1242 2806 1312 2877 narod
1322 2804 1448 2862 hesterno
1458 2804 1502 2863 dle
1514 2806 1642 2863 intentam
1655 2804 1768 2863 lecimus
1780 2806 1854 2864 Cha·

1065 2900 1172 2957 ritatem
1183 2910 1310 2966 vestram,
1328 2897 1499 2971 intelligimus
1521 2914 1570 2955 vos
1583 2898 1698 2956 alacrius
1711 2908 1739 2955 et
1758 2914 1854 2955 uume-

1065 2992 1153 3047 rusius
1162 2990 1319 3047 convenisse
1334 2990 1400 3047 :sed
1413 2990 1518 3047 interim
1531 2991 1637 3047 lectioni
1649 2990 1808 3061 evangelicae
1820 3005 1855 3045 cx

1063 3082 1160 3138 ordine
1192 3096 1344 3137 sermonem
1368 3078 1488 3137 debitum
1519 3081 1671 3149 reddamus,
1700 3081 1723 3135 si
1750 3080 1855 3151 placcta

1065 3171 1162 3229 deinde
1184 3172 1275 3227 artdlct
1296 3170 1419 3228 Charitas
1439 3182 1527 3228 vestra
1540 3170 1575 3227 dc
1592 3186 1657 3243 pace
1672 3170 1798 3227 Ecclesiae
1810 3170 1854 3228 vel

1065 3264 1128 3335 quid
1140 3263 1282 3335 egerimus,
1297 3262 1342 3319 vel
1362 3263 1424 3334 quid
1443 3262 1531 3319 adlauc
1549 3262 1680 3331 agendum
1704 3276 1853 3333 speremus.

1064 3354 1141 3413 Nune
1151 3370 1215 3424 ergo
1223 3363 1278 3409 tota
1291 3353 1401 3410 intentio
1411 3352 1501 3409 cordis
1512 3354 1546 3409 ad
1555 3352 1730 3424 Evangelium
1740 3350 1853 3423 seratur,

1065 3462 1145 3504 nenro
1166 3445 1273 3502 aliunde
1292 3445 1400 3516 eoghet.
1413 3444 1442 3501 st
1464 3444 1534 3501 euim
1558 3446 1604 3516 qui
1621 3454 1692 3500 totus
1706 3444 1793 3509 adest,
1807 3446 1855 3503 vix

1064 3539 1153 3610 caph:
1168 3538 1213 3610 quai
1228 3553 1258 3594 se
1272 3550 1319 3607 per
1328 3536 1502 3608 cogitationes
1513 3535 1633 3591 diversas
1647 3534 1750 3601 dividit,
1763 3551 1857 3593 nonno

1064 3638 1093 3685 et
1104 3627 1176 3699 quaed
1187 3636 1295 3698 ceperat
1309 3626 1415 3683 iurrditl
1429 3625 1550 3681 llcminit
1563 3634 1650 3681 autern
1670 3624 1793 3681 Charitas
1806 3641 1858 3683 vc·

1064 3729 1120 3775 stra
1132 3717 1269 3774 bomiuico
1284 3717 1429 3788 praeterito,
1444 3722 1572 3787 parantum
1586 3714 1715 3771 Dominus
1726 3714 1857 3785 adjuvare

1063 3811 1188 3882 diguatus
1208 3817 1260 3876 est,
1278 3807 1435 3863 disseruisse
1458 3821 1508 3862 nos
1519 3805 1553 3861 de
1565 3806 1695 3877 spirituali
1709 3820 1858 3877 regenera-

1064 3902 1137 3957 tione
1152 3899 1332 3973 (insuperiori
1348 3896 1477 3970 Tractutu)
1494 3914 1501 3951 :
1516 3912 1594 3967 quam
1613 3896 1755 3953 lectionem
1777 3896 1858 3953 robis

1064 3991 1159 4047 iterum
1173 3990 1223 4059 legi
1235 3976 1356 4056 lecimus,
1369 3996 1400 4045 ut
1421 4002 1481 4059 qum
1495 3998 1559 4043 trane
1577 4002 1630 4043 non
1655 3987 1810 4054 dictasunt,
1827 3990 1857 4043 iu

1064 4078 1161 4136 Christi
1176 4080 1284 4135 nomine
1296 4076 1481 4150 adjuvantibus
1494 4076 1660 4135 orationibus
1679 4078 1775 4133 vestris
1800 4078 1857 4133 ina-

1063 4171 1193 4245 plcnmus.

1098 4258 1127 4319 2.
1145 4262 1323 4335 llegeneratio
1337 4261 1482 4333 spiritualis
1495 4276 1548 4316 uua
1566 4269 1618 4329 est,
1634 4260 1857 4331 steat·grneratio

1065 4355 1181 4411 carnalis
1195 4370 1247 4409 una
1260 4362 1310 4409 cst.
1325 4354 1359 4409 Et
1370 4352 1440 4425 quod
1453 4351 1615 4408 Nicodamus
1627 4352 1739 4407 haimino
1749 4352 1796 4419 ait,
1808 4368 1858 4407 ve-

1063 4446 1206 4510 rumdixh,
1219 4446 1280 4517 quia
1292 4460 1344 4501 nou
1356 4444 1533 4517 potcsthonao
1543 4459 1602 4500 cum
1616 4444 1651 4498 sit
1663 4442 1856 4509 sencr,redirc

1063 4552 1169 4593 rursum
1192 4537 1218 4591 in
1237 4545 1340 4593 uterrant
1355 4536 1526 4601 matrissuae,
1540 4534 1660 4590 etnasci.
1685 4532 1733 4588 ille
1743 4532 1854 4603 quidem

1062 4629 1140 4697 dixit,
1166 4629 1228 4700 quia
1255 4627 1335 4683 homo
1360 4642 1422 4685 eum
1444 4626 1584 4693 sitsenex,
1608 4624 1660 4680 hoe
1683 4638 1735 4681 uon
1752 4631 1856 4695 potest,

1062 4722 1148 4793 quasi,
1161 4729 1188 4776 ct
1202 4720 1224 4773 si
1242 4717 1328 4773 inians
1347 4726 1428 4782 esset,
1454 4726 1553 4788 posset.
1578 4715 1693 4772 Ornatino
1713 4716 1783 4771 eninr
1799 4731 1856 4771 non

1063 4821 1162 4885 potest,
1176 4812 1233 4869 sive
1245 4825 1338 4867 recens
1350 4810 1384 4867 ab
1400 4818 1486 4875 utero,
1498 4811 1554 4863 sire
1573 4822 1673 4864 annosa
1689 4808 1744 4879 jam
1758 4815 1856 4876 aetate,

1062 4906 1150 4961 redire
1163 4916 1270 4959 rursum
1284 4904 1311 4959 in
1322 4910 1439 4957 materna
1456 4902 1569 4967 viscera,
1581 4910 1609 4955 et
1619 4900 1703 4956 nasci.
1714 4898 1768 4956 soc
1782 4900 1858 4954 sicut

1061 4998 1095 5053 ud
1115 4996 1276 5052 nativitatem
1300 4993 1433 5051 caritatem
1450 4994 1539 5050 ualent
1550 4990 1691 5049 muliebria
1703 4992 1801 5048 viscera
1818 4992 1856 5047 ad

1061 5089 1145 5145 semel
1159 5086 1329 5158 perterritum
1344 5086 1384 5142 sic
1398 5085 1431 5142 ad
1447 5084 1611 5140 nativitatem
1623 5082 1790 5153 spiritualem
1803 5096 1856 5136 ra·

1061 5182 1118 5237 lent
1137 5180 1237 5238 viscera
1257 5177 1393 5246 Ecclesiae,
1406 5188 1436 5233 ut
1455 5176 1539 5232 semel
1558 5174 1671 5246 narisque
1690 5174 1855 5244 baptizetur.

1061 5272 1205 5342 Propterea
1219 5285 1253 5325 ne
1266 5270 1326 5341 quis
1339 5269 1407 5325 torte
1424 5268 1504 5335 dieat,
1518 5266 1571 5323 Sed
1582 5266 1633 5322 isto
1646 5265 1674 5320 in
1689 5263 1785 5322 heresi
1803 5280 1856 5319 urar-

1061 5374 1104 5419 tus
1115 5374 1168 5431 est,
1181 5362 1269 5419 eliste
1281 5362 1307 5415 in
1319 5359 1550 5417 schismatonatus
1564 5366 1623 5423 est:
1636 5365 1772 5427 amputata
1786 5364 1858 5410 saut

1061 5458 1161 5521 omnia,
1174 5458 1197 5511 si
1210 5454 1378 5521 urentiuistis,
1389 5468 1447 5523 narn
1457 5452 1533 5507 robis
1542 5450 1744 5522 disputatasuut
1753 5448 1788 5505 de
1799 5449 1856 5505 tri·

1061 5550 1113 5606 butt
1131 5548 1251 5619 patribus
1265 5546 1373 5607 nostris.
1394 5558 1508 5615 qarorum
1523 5544 1592 5599 Deus
1618 5540 1671 5598 dici
1686 5542 1778 5605 voluit,
1793 5555 1853 5596 nun

1060 5642 1122 5712 nasia
1131 5640 1180 5694 soli
1193 5646 1279 5705 emutat,
1290 5636 1337 5692 sad
1352 5635 1413 5706 uaria
1425 5636 1451 5689 iu
1461 5634 1524 5689 solis
1536 5634 1640 5704 expleta
1654 5643 1696 5689 est
1710 5631 1855 5700 integritas

1062 5727 1225 5801 significandi
1242 5725 1330 5798 poprdi
1351 5724 1442 5781 tutari.
1456 5724 1607 5781 invenimus
1617 5724 1689 5779 carim
1699 5732 1797 5807 'natanta
1810 5718 1851 5775 dc
