4000 6359
247 289 313 349 iiii

247 401 453 478 cognoscebant.
474 398 525 468 Qui
539 411 602 471 ergo
614 396 709 454 rolant
720 408 812 468 pacem
827 390 896 447 servi
908 387 976 461 eius,
989 400 1037 458 pa·

246 510 306 553 cent
320 494 410 566 populi
428 493 495 565 ejus,
510 506 603 563 pacem
622 489 700 545 unias
712 500 790 558 quarn
811 483 875 541 dicit
888 483 999 545 unicum,
1012 487 1041 534 et

247 602 328 659 quam
343 586 399 641 uult
411 584 469 641 erui
487 598 503 638 a
522 584 610 646 leorae,
625 580 696 633 Erue
714 578 746 632 dc
762 592 839 631 mauu
856 573 927 629 curus
939 571 1041 625 unicum

248 694 331 732 nuum
351 674 436 748 (Paul.
457 691 516 741 xxa,
535 669 731 744 turmioni
743 667 834 723 dicunt
849 679 964 735 semper,
979 662 1041 717 iiu-

248 766 384 839 pnificctur
397 765 530 820 Dominus.
543 764 611 831 Ergo
621 762 703 816 boves
720 759 757 815 illi
768 758 908 813 Dominum
921 751 1043 825 magnid-

249 866 389 922 cauerunt,
412 871 464 912 non
485 869 525 909 se.
541 852 635 909 Videte
649 850 745 907 bouem
762 846 975 919 magnificantem
990 844 1043 899 Do-

248 949 351 1005 minum
374 964 460 1015 suum,
483 944 543 1015 quia
565 944 673 1015 agnouit
690 942 739 999 bos
761 951 941 1011 possessorem
963 949 1042 992 auom

250 1038 327 1111 (iaci.
347 1054 366 1109 ι,
381 1038 407 1109 5)
424 1056 431 1092 ι
447 1036 575 1093 attendite
589 1036 684 1090 berem
700 1034 837 1088 timentem
857 1044 891 1085 ue
904 1027 1043 1083 deseratur

250 1142 390 1201 possessor
409 1126 494 1191 bovis,
518 1133 546 1181 et
569 1124 595 1179 in
615 1124 683 1179 boue
697 1128 887 1193 praesumatur3
909 1114 1043 1188 quomodo

251 1219 403 1291 expavescit
414 1231 461 1273 eos
473 1216 518 1287 qui
530 1216 621 1271 volunt
630 1214 658 1270 in
669 1213 715 1268 illo
726 1226 826 1283 ponere
835 1223 929 1280 spera:
942 1206 1044 1263 cilum·

251 1310 316 1381 quid
331 1308 428 1365 Paulus
441 1323 491 1379 pro
509 1306 585 1363 uobis
603 1304 744 1363 crucilixus
757 1303 817 1361 est?
830 1310 875 1357 aut
891 1302 918 1356 in
933 1299 1041 1356 nomios

139 1460 141 1467 ,
251 1398 326 1455 Pauli
342 1398 465 1469 baptizati
482 1398 547 1453 estis
563 1416 573 1451 ι
591 1396 615 1469 (Ι
628 1396 686 1451 Gor.
700 1412 720 1463 ι,
733 1394 800 1465 ttlt
813 1392 890 1462 Quod
902 1389 974 1459 dedi,
990 1403 1044 1444 nou

250 1504 302 1561 ego
313 1490 393 1545 dedi:
409 1490 491 1561 gratis
501 1488 651 1559 accepistis,
664 1486 785 1543 columba
799 1486 833 1541 de
846 1485 915 1541 coelo
929 1481 1045 1539 deseen-

251 1580 302 1637 dit.
330 1598 339 1635 r
355 1582 447 1653 ligo,r
469 1581 563 1652 inquit,
585 1580 736 1651 «plantari,
757 1578 852 1652 Apollo
866 1577 981 1648 rigarit;
996 1574 1044 1631 sed

251 1672 325 1729 Deus
340 1674 534 1729 incrementum
553 1672 746 1742 decimaeque
764 1670 810 1741 qui
823 1670 925 1741 plantat
941 1676 983 1723 est
997 1668 1046 1722 ali-

251 1762 334 1833 quid,
356 1778 444 1833 nouare
469 1763 620 1833 quirigat,
645 1760 693 1816 sed
713 1761 757 1831 qui
782 1759 975 1815 incrementum
999 1756 1046 1811 dat

252 1852 325 1909 Deus
340 1851 395 1926 (ld.
415 1870 454 1921 ιιι,
470 1854 497 1918 6,
513 1854 552 1927 7).
567 1853 601 1908 Et
617 1851 707 1908 dicant
725 1864 841 1921 semper,
864 1848 1046 1922 Dagaiiisetttr

253 1941 393 2009 Dominus,
406 1944 451 2014 qui
464 1943 555 1998 volunt
566 1957 657 2013 paoem
670 1941 740 1997 servi
754 1941 821 2012 ejus.
837 1959 846 1993 a

251 2050 257 2096 r
290 2032 317 2087 8.
338 2032 383 2089 lsti
393 2043 481 2089 autem
494 2033 527 2088 de
540 2033 683 2103 scripturis
696 2032 761 2103 ipsis
773 2030 867 2087 saliunt
879 2030 1003 2103 populos,
1017 2038 1046 2085 ut

256 2121 388 2193 accipiant
401 2124 435 2179 ab
452 2124 515 2193 ipsis
533 2124 649 2179 bonores
669 2132 696 2179 et
709 2122 810 2190 lartdes,
823 2130 850 2177 et
864 2138 916 2178 non
935 2136 1048 2177 conuer-

255 2218 347 2268 tantur
359 2211 482 2268 homines
493 2211 525 2267 ad
535 2214 683 2269 ueritatem.
696 2211 762 2280 Quia
775 2226 839 2267 reru
852 2212 916 2282 ipsis
926 2211 1047 2281 Scriptu-

255 2301 294 2357 ris
308 2302 403 2357 iallunt
419 2302 542 2374 populos,
556 2318 573 2357 a
590 2303 687 2374 qulbus
700 2310 823 2373 quaerunt
835 2302 968 2369 honores3
983 2316 1047 2357 ven·

254 2392 321 2448 dunt
335 2393 428 2460 boues,
442 2393 561 2449 vendunt
577 2405 604 2449 et
622 2408 695 2465 ures,
712 2392 794 2449 idest
810 2393 882 2464 ipsas
894 2391 998 2463 plebes.
1013 2392 1048 2449 m

254 2482 438 2550 enitendum,
461 2483 512 2539 ruisi
529 2484 654 2539 diabolo?
669 2484 799 2554 Namque,
822 2482 918 2539 iratres
939 2485 1003 2551 mel,
1024 2485 1048 2540 si

230 2587 232 2594 ’
254 2574 354 2633 Christi
371 2578 446 2633 runica
457 2576 576 2635 Ecclesia
590 2585 640 2644 est,
660 2585 688 2632 ct
702 2592 753 2633 una
773 2586 830 2645 est;
844 2576 972 2648 quidquid
985 2576 1049 2633 inde

254 2662 423 2738 praeciditur,
437 2669 497 2739 quis
507 2668 587 2733 tollit,
601 2669 651 2724 nisi
665 2668 708 2724 leo
722 2669 765 2724 ille
774 2668 881 2741 rugiens
889 2677 916 2725 et
932 2670 1048 2725 eircum-

254 2756 323 2823 iens,
342 2772 464 2829 quaereus
489 2774 567 2829 quem
594 2758 705 2815 devoret
725 2758 831 2833 (chtr.
848 2776 876 2829 v,
889 2761 992 2833 8)lVae
1006 2760 1048 2817 liis

255 2850 300 2920 qui
314 2850 511 2919 preciduntur!
529 2867 589 2907 nam
605 2851 648 2907 illa
663 2852 764 2923 integra
778 2854 953 2923 permanebit.
969 2853 1049 2911 Novit

256 2940 328 2994 euim
343 2940 470 2994 Dominus
487 2942 607 3011 quisunt
624 2943 683 3013 ejus
696 2942 729 3013 (ll
748 2942 815 2999 Tim.
829 2960 858 3009 ιι,
874 2945 931 3016 ts).
945 2946 1047 3000 Tamen

255 3033 422 3099 quantumin
435 3032 498 3100 ipsis
508 3041 559 3100 est,
575 3034 695 3089 rendunt
708 3034 792 3089 boves
803 3042 829 3091 el
840 3049 914 3101 ores,
930 3036 1049 3091 rendunt

257 3130 285 3173 et
307 3120 463 3175 columbas:
479 3121 622 3177 observent
642 3122 774 3193 flagellum
795 3133 965 3193 peccatorum
987 3140 1050 3181 suo·

256 3207 427 3265 raimberto
450 3211 557 3281 cquando
581 3212 682 3283 aliquid
704 3214 756 3269 tale
780 3216 917 3285 patiuntur
941 3227 1050 3287 propter

257 3299 325 3355 istas
345 3300 497 3371 iniquitates
517 3317 589 3370 suas,
606 3312 751 3374 agnoscunt
764 3304 827 3374 quia
845 3304 974 3362 Dominus
988 3307 1050 3364 iecit

256 3389 391 3461 flagellum
406 3392 439 3448 de
451 3392 594 3459 resticulis,
609 3404 636 3451 et
645 3394 678 3449 ad
691 3394 742 3449 icoc
753 3394 935 3452 admoneteos
947 3408 975 3452 ut
989 3414 1050 3454 mu·

254 3488 317 3536 tent
329 3496 368 3549 se,
383 3491 411 3537 ut
423 3498 476 3538 non
496 3485 549 3539 sint
562 3486 739 3556 negotiatores
750 3503 757 3540 :
770 3500 830 3543 nam
850 3486 872 3542 si
884 3502 915 3543 se
927 3502 979 3543 non
992 3504 1052 3545 mu·

256 3574 381 3641 laverint,
397 3576 545 3632 audientia
565 3578 628 3645 line,
643 3576 731 3650 bigote
746 3578 798 3637 iilis
817 3597 909 3637 munus
922 3592 946 3637 et
963 3583 1049 3655 pedet,
1067 3602 1072 3610 ·

256 3673 281 3717 et
293 3666 407 3737 projicite
418 3668 446 3721 iu
457 3668 572 3723 tenebras
586 3672 731 3727 exteriores.

294 3753 320 3809 9.
343 3755 412 3811 Tunc
424 3759 547 3831 scriptum
559 3777 622 3829 csse,
632 3760 709 3817 Zelua
719 3762 809 3819 domus
822 3773 871 3820 tute
883 3766 989 3821 comedit
999 3784 1048 3836 mc,

255 3847 383 3903 recordati
399 3861 458 3905 suut
477 3852 594 3923 discipuli
608 3869 617 3907 .·
629 3854 690 3923 quia
708 3855 766 3911 zelo
787 3856 881 3913 domus
904 3858 950 3913 Dei
972 3860 1052 3929 eiecit

256 3938 324 3993 istos
338 3939 371 3995 de
382 3942 483 4009 templo
497 3943 633 3997 Dominus.
649 3944 767 4011 Fratres,
780 3946 962 4017 unusquisque
976 3949 1051 4004 oltri-

257 4026 359 4082 stianus
372 4029 397 4082 in
414 4031 540 4085 membris
562 4031 658 4087 Christi
676 4034 733 4089 zelo
746 4034 841 4091 domus
863 4036 909 4092 Dei
924 4038 1049 4095 comeda-

258 4124 311 4171 tur.
331 4117 395 4185 Quis
406 4122 555 4177 comeditur
564 4124 622 4179 zelo
634 4124 729 4181 domus
743 4125 809 4182 Deli
822 4128 872 4196 Qui
887 4132 1050 4203 omniaque

259 4207 331 4266 surm
343 4210 378 4267 ibi
394 4212 465 4268 ridet
480 4229 614 4283 pervorsa,
636 4217 732 4287 satagit
751 4220 857 4290 corrigi,
872 4222 945 4293 cupit
959 4238 1051 4279 emen·

260 4300 345 4368 dari¹,
358 4320 411 4358 noo
424 4305 553 4375 quiescit:
568 4307 589 4363 si
604 4308 746 4365 enteodare
763 4326 816 4366 non
828 4320 924 4381 potest,
943 4312 1048 4384 tolerat,

258 4392 351 4461 gemit.
366 4392 425 4449 Nun
445 4395 578 4451 excutitur
590 4396 624 4453 de
645 4412 707 4453 area
727 4414 851 4471 granum,
872 4403 984 4460 sustinet
1000 4421 1049 4476 pa-

259 4482 345 4552 leam;
356 4496 384 4540 nt
394 4486 473 4543 intret
486 4486 511 4543 in
521 4487 656 4555 horreum,
665 4505 726 4546 cum
738 4492 814 4561 palea
826 4492 904 4550 suerit
915 4508 1049 4565 separata.

262 4572 303 4631 Tu
316 4585 378 4633 aute
392 4578 528 4647 ltorreum,
541 4581 563 4635 si
577 4596 687 4652 granum
701 4597 741 4651 es,
756 4585 809 4639 noli
822 4587 909 4642 excuti
924 4586 958 4644 de
969 4604 1048 4658 area3

261 4680 296 4721 ne
309 4666 382 4736 prius
393 4668 427 4723 ab
445 4670 537 4725 auibus
551 4671 694 4743 colligaris,
710 4689 787 4745 quam
803 4676 830 4731 in
845 4676 969 4735 horreum
984 4694 1050 4737 con-

259 4759 387 4829 gregeris.
400 4758 470 4815 dves
482 4762 552 4817 enim
566 4762 626 4819 coeli
642 4764 721 4820 aeriae
734 4775 878 4836 potestates
893 4778 1051 4840 exspectant

256 4848 357 4920 aliquid
374 4864 467 4920 rapere
481 4852 515 4908 de
528 4869 601 4922 area,
616 4862 644 4910 et
656 4871 709 4911 non
722 4858 827 4927 rapiunt
839 4860 888 4915 nisi
902 4862 972 4932 quod
986 4862 1049 4919 inde

258 4938 338 4997 iucrit
351 4957 504 4999 excussum.
524 4946 596 5017 Ergo
608 4948 681 5003 zelus
695 4948 791 5005 domus
802 4950 849 5006 Dei
865 4953 987 5009 comedat
1002 4964 1047 5011 te:

258 5046 473 5107 unumquemque
493 5038 666 5093 clrristiaoum
690 5041 764 5097 zelus
783 5042 878 5099 domm
897 5045 943 5101 Del
973 5060 1050 5102 com-

257 5126 361 5192 edat,in
376 5145 427 5200 qna
439 5131 520 5187 domo
533 5132 579 5188 Dei
593 5133 740 5190 membrum
748 5143 797 5191 est.
811 5135 868 5191 Non
881 5138 951 5193 enim
965 5139 1049 5211 magis

256 5228 299 5273 est
311 5220 406 5279 domus
425 5233 479 5294 tna,
493 5240 572 5297 quarn
588 5226 682 5283 domus
696 5228 740 5283 ubi
755 5228 837 5285 habes
851 5230 963 5286 salutem
976 5246 1049 5288 sem-

256 5309 399 5378 pitenram.
414 5314 524 5371 Domum
541 5326 611 5373 tuam
628 5317 710 5373 lutras
724 5327 831 5389 propter
850 5322 968 5391 requiem
982 5328 1049 5377 ιιιιι-

259 5402 377 5470 poralem
388 5421 396 5471 ;
407 5405 515 5464 domum
533 5410 580 5466 Dci
598 5410 682 5467 intras
693 5418 802 5481 propter
815 5414 934 5483 requiem
949 5414 1049 5484 sempi-

258 5498 371 5547 ternam.
401 5492 429 5551 Sl
452 5512 515 5569 ergo
534 5500 560 5555 in
587 5500 668 5556 domo
695 5508 738 5556 tua
759 5516 794 5557 ue
812 5501 874 5572 quid
894 5518 1047 5573 perversum

258 5578 305 5637 tat
316 5585 431 5654 satagis;
444 5585 470 5641 in
484 5588 563 5645 domo
575 5590 623 5647 Dci
634 5592 678 5647 ubi
692 5592 763 5648 salus
772 5592 908 5664 proposita
920 5605 961 5651 est
971 5604 1049 5652 etro-

289 5692 347 5745 ἰιι
358 5702 410 5747 ttss.
422 5702 448 5749 at
460 5698 527 5765 editi,
538 5674 623 5767 satagit
634 5702 771 5770 mariadura,
784 5706 848 5771 cupit
859 5702 987 5773 corrigere.

687 262 691 268 '
723 278 756 337 m
774 272 913 335 soumis
932 267 1162 335 sinuosum,
1181 264 1211 323 s.
1232 263 1412 326 cucusum

1808 260 1881 329 ⁴{lii

1092 397 1168 454 quaes
1181 385 1239 439 sine
1253 384 1317 449 bue,
1329 381 1412 437 debes
1426 380 1480 451 pati
1494 383 1622 451 quantum
1635 370 1664 433 in
1676 384 1704 433 te
1719 385 1773 447 est,
1786 376 1882 450 siquid

1092 476 1161 532 locta
1177 489 1330 546 perversum
1342 473 1459 529 uideris?
1472 470 1550 528 Verbi
1568 472 1663 542 gratia,
1679 470 1753 527 rides
1771 470 1881 527 tratrem

1092 580 1201 623 currere
1212 565 1247 619 ad
1259 565 1410 621 ttreatruml
1423 563 1549 633 prohibe,
1565 578 1654 629 mone,
1674 562 1843 629 mutristare,
1859 563 1882 618 si

1092 657 1166 714 relos
1177 658 1274 713 domos
1291 657 1339 713 Dei
1359 656 1475 713 comedit
1489 665 1524 711 te.
1539 656 1619 711 llides
1642 656 1708 711 aiios
1727 670 1839 711 currere
1857 666 1886 712 et

1093 748 1219 805 inebriari
1228 749 1307 816 velle,
1317 756 1346 805 et
1355 748 1407 803 boe
1416 747 1483 805 velle
1495 748 1522 802 in
1533 748 1600 803 loeis
1613 748 1722 812 sanctis,
1735 748 1807 818 quod
1819 763 1884 803 aus·

1094 856 1173 911 quam
1192 840 1287 897 decet!
1307 840 1420 912 prohibe
1439 856 1505 912 quos
1527 850 1610 913 potes,
1629 849 1692 897 tono
1710 855 1777 912 quos
1795 849 1884 913 putes,

1094 938 1166 987 terre
1178 946 1246 1002 quos
1259 941 1346 1002 potes,
1366 932 1462 1004 quibus
1476 940 1552 1004 potes
1565 916 1700 997 blandire;
1721 933 1776 989 noli
1795 942 1886 989 umen

1094 1023 1243 1093 quiescere.
1253 1022 1364 1080 Amicus
1372 1024 1430 1080 esti
1444 1024 1619 1080 admoneatur
1627 1023 1734 1080 leniter.
1745 1023 1819 1081 liuor
1826 1024 1887 1079 esti

1094 1114 1264 1170 seuerissime
1274 1112 1434 1171 refrenetur.
1448 1114 1551 1171 Ancilla
1568 1116 1626 1171 esti
1639 1116 1718 1171 etiam
1732 1115 1889 1173 verberibus

1094 1214 1288 1275 compescatur.
1310 1205 1363 1263 Fac
1376 1205 1503 1277 quidquid
1517 1215 1603 1277 potes,
1618 1222 1666 1278 pro
1680 1222 1794 1276 persona
1805 1223 1887 1278 quam

1093 1305 1201 1369 portas3
1220 1306 1250 1354 et
1264 1298 1378 1368 perticis,
1399 1298 1477 1353 zelus
1493 1297 1582 1353 domm
1597 1307 1647 1355 tue
1659 1298 1767 1354 conudit
1788 1316 1838 1354 mc.
1859 1300 1889 1357 Si

1095 1400 1184 1446 autem
1198 1390 1406 1460 iuerisirigidus,
1420 1389 1564 1457 marcidus,
1573 1389 1607 1445 ad
1617 1389 1738 1445 tesolnm
1749 1397 1889 1460 spectans,

1096 1488 1125 1537 et
1136 1482 1210 1552 quasi
1224 1480 1271 1536 tibi
1288 1479 1433 1547 sulliciens,
1449 1487 1476 1535 et
1493 1480 1586 1535 dicens
1607 1480 1633 1533 in
1646 1479 1730 1535 corde
1748 1488 1805 1547 tiro,
1818 1480 1891 1547 Qctid

1096 1570 1162 1625 mibi
1184 1577 1226 1626 est
1241 1585 1335 1627 curare
1354 1570 1440 1627 aliena
1457 1570 1584 1641 peccata?
1596 1569 1694 1626 suillcit
1715 1568 1782 1625 mibi
1798 1570 1891 1625 aniana

1096 1678 1171 1730 mea;
1185 1664 1270 1734 ipsam
1285 1664 1414 1734 integram
1431 1678 1535 1719 serrem
1551 1661 1606 1718 Deo
1619 1680 1626 1717 ι
1637 1662 1689 1728 oia,
1710 1676 1765 1717 non
1778 1662 1825 1719 tibi
1840 1677 1891 1719 ve·

1097 1754 1137 1809 nit
1149 1755 1174 1809 in
1189 1762 1305 1809 mentem
1320 1769 1414 1810 servus
1435 1753 1480 1809 ille
1492 1753 1538 1825 qui
1552 1751 1692 1808 abscondit
1708 1751 1846 1820 talentum,
1862 1760 1892 1808 et

1097 1845 1182 1901 noluit
1202 1847 1332 1917 crogare?
1354 1845 1488 1916 Numquid
1512 1845 1584 1900 enim
1606 1854 1746 1899 accusatus
1763 1852 1806 1900 est
1826 1845 1893 1915 quia

1097 1938 1223 2010 perdidit,
1234 1947 1262 1995 et
1274 1954 1330 1995 non
1344 1940 1405 2010 quia
1420 1939 1479 1993 sine
1493 1938 1569 1993 luero
1582 1936 1697 1993 servarit
1707 1935 1892 2009 (biotticus,

1096 2031 1215 2102 idolii?
1228 2030 1273 2087 Sic
1285 2044 1349 2101 ergo
1361 2030 1460 2095 audite,
1473 2028 1568 2084 iratres
1577 2028 1640 2096 mei,
1653 2035 1684 2083 ut
1701 2042 1755 2083 non
1766 2028 1894 2098 quiesca-

1098 2123 1143 2179 tis.
1157 2123 1214 2193 Ego
1228 2122 1451 2178 vobisconsllium
1463 2119 1572 2176 daturus
1581 2134 1640 2175 sum
1655 2138 1662 2174 :
1677 2120 1723 2175 det
1736 2120 1780 2176 ille
1791 2120 1837 2191 qui
1850 2120 1894 2175 im

1100 2221 1142 2268 tos
1154 2220 1209 2279 est;
1223 2212 1284 2284 quia
1296 2213 1346 2268 etsi
1360 2227 1409 2284 per
1420 2226 1463 2267 me
1474 2210 1587 2276 dederit,
1601 2210 1646 2266 ille
1659 2208 1714 2266 dat.
1728 2210 1817 2266 Nostis
1826 2210 1896 2281 quid

1098 2304 1183 2374 agatis
1196 2305 1378 2374 unusquisque
1389 2304 1417 2359 in
1432 2303 1513 2359 domo
1527 2317 1575 2358 sua
1586 2317 1647 2357 cum
1660 2302 1756 2369 amieo,
1769 2318 1830 2358 cum
1847 2302 1896 2358 in·

1098 2396 1211 2467 quilino,
1226 2412 1287 2451 curn
1301 2396 1399 2451 cliente
1411 2410 1470 2462 suo,
1485 2409 1546 2451 mam
1560 2397 1673 2465 majore,
1687 2408 1748 2449 com
1765 2393 1894 2448 minore:

1099 2489 1234 2559 quomodo
1248 2486 1294 2543 dat
1308 2488 1380 2543 Deus
1398 2486 1510 2554 aditum,
1533 2485 1667 2555 quomodo
1686 2484 1896 2554 aperitjanuam

1098 2580 1182 2635 serbo
1194 2592 1254 2645 suo,
1270 2577 1352 2633 nolite
1365 2577 1503 2648 quiescere
1517 2575 1615 2633 lucrari
1633 2573 1757 2642 curtum
1773 2574 1833 2645 quia
1847 2574 1896 2630 lu-

1097 2670 1165 2731 ertu
1174 2669 1240 2725 estis
1252 2683 1268 2722 a
1281 2666 1395 2723 Christo.

1136 2762 1180 2818 il).
1203 2780 1213 2813 ι
1229 2760 1360 2817 Diterunt
1378 2758 1415 2813 illl
1429 2757 1514 2815 ludaei
1527 2775 1535 2813 t
1548 2756 1624 2826 erod
1645 2756 1750 2827 signum
1770 2754 1897 2811 ostendis
1986 2745 1988 2758 '

1100 2853 1186 2918 nobis,
1202 2854 1262 2924 qnia
1277 2852 1335 2908 buc
1348 2850 1432 2906 iaelsi
1446 2870 1456 2903 ι
1468 2850 1504 2905 Ει
1514 2849 1662 2905 Dominus:
1679 2865 1689 2900 ι
1704 2847 1807 2903 Solvite
1819 2855 1896 2904 tem-

1100 2945 1172 3016 plum
1187 2944 1247 3011 Ιιοι,
1259 2951 1286 2999 et
1297 2944 1325 2998 ia
1338 2943 1423 2999 tribus
1433 2940 1527 2996 diebus
1539 2939 1661 2995 excitabo
1672 2938 1748 2994 iilud.
1763 2938 1898 2995 Dixeruut

1100 3053 1164 3108 orgo
1175 3035 1278 3092 ludat:
1293 3033 1471 3104 Quadraginta
1484 3040 1513 3088 et
1526 3047 1576 3087 sex
1590 3031 1668 3086 arinis
1681 3028 1839 3085 aeditioatum
1849 3038 1899 3084 eat

1101 3131 1229 3200 templum
1245 3128 1306 3197 troc,
1325 3135 1352 3183 et
1369 3135 1397 3182 tu
1410 3125 1488 3193 dicis,
1505 3123 1532 3178 ln
1555 3124 1640 3179 tribum
1658 3122 1753 3179 diebus
1769 3120 1898 3177 excitabo

1100 3223 1207 3279 illudis
1223 3221 1292 3278 caro
1307 3227 1394 3287 erant,
1408 3217 1526 3274 carnalia
1541 3215 1700 3285 sapiebant:
1715 3214 1759 3269 ille
1772 3227 1837 3269 reru
1848 3211 1899 3269 lo-

1101 3318 1231 3389 quebatur
1248 3312 1429 3385 spiritualiter.
1449 3311 1514 3379 Quis
1531 3318 1620 3366 autem
1638 3315 1730 3379 posset
1743 3306 1899 3376 intelligere

1101 3408 1136 3465 dc
1150 3422 1203 3479 quo
1216 3406 1315 3477 templo
1327 3404 1450 3460 dicebatl
1461 3402 1514 3458 Sed
1533 3415 1588 3456 non
1603 3399 1715 3455 multum
1729 3396 1898 3468 querimus;

1102 3514 1151 3569 per
1164 3496 1362 3567 Evangelistam
1375 3494 1453 3549 nobis
1466 3491 1582 3563 aperuit,
1596 3490 1662 3546 dixit
1677 3489 1711 3545 de
1725 3504 1778 3559 quo
1792 3488 1898 3558 templo

1102 3590 1221 3645 diecret:
1235 3587 1332 3645 Solvite
1343 3584 1464 3656 scorpium
1479 3583 1537 3649 boc,
1555 3592 1579 3637 ct
1590 3582 1617 3635 iu
1631 3580 1711 3634 tribou
1725 3579 1811 3633 diebus
1823 3580 1897 3635 exci-

1102 3682 1161 3735 uto
1184 3678 1260 3735 illud.
1285 3677 1461 3748 Quadraginta
1482 3681 1505 3729 et
1526 3690 1570 3728 sec
1589 3673 1664 3727 uanis
1679 3670 1837 3735 aedificatum
1859 3681 1898 3725 ert

1103 3772 1234 3842 tempium,
1247 3779 1272 3825 et
1285 3769 1368 3823 tmdno
1379 3764 1509 3822 tumuubr'r
1520 3763 1606 3819 illud?
1620 3761 1725 3816 Dicebat
1741 3768 1841 3827 suum,
1859 3761 1898 3815 ait

1103 3861 1282 3932 Euangellsta,
1304 3858 1335 3913 de
1353 3857 1446 3930 terrrplo
1464 3856 1578 3926 corporis
1591 3853 1642 3909 sat.
1669 3852 1702 3907 Et
1722 3850 1897 3907 manitcstum

1102 3965 1154 4023 est,
1178 3954 1295 4010 occisum
1317 3951 1457 4006 Dominum
1482 3956 1542 4019 post
1563 3946 1680 4001 triduum
1702 3944 1897 4000 resurrexisse.

1102 4046 1159 4102 iluc
1177 4044 1258 4101 modo
1276 4042 1400 4098 omnibus
1423 4039 1500 4095 nobis
1516 4046 1610 4093 notum
1630 4045 1673 4093 est
1688 4052 1695 4088 :
1710 4043 1739 4091 et
1755 4034 1779 4090 si
1793 4031 1898 4089 totuis

1103 4138 1223 4193 clausum
1245 4144 1296 4203 est,
1311 4134 1373 4205 qnia
1389 4132 1452 4187 loris
1470 4138 1557 4197 stant3
1577 4128 1654 4184 nobis
1666 4137 1753 4182 tamen
1771 4135 1897 4197 apertum

1102 4236 1154 4296 est,
1168 4226 1228 4298 quia
1239 4224 1395 4281 norimusin
1405 4237 1485 4294 quem
1497 4220 1641 4277 credimus.
1654 4216 1740 4287 lpsius
1750 4215 1842 4286 tempii
1853 4230 1899 4271 so-

1102 4320 1230 4376 lutionem
1241 4326 1268 4374 et
1276 4314 1519 4377 reudilicstionem,
1530 4309 1712 4367 anniversaria
1724 4307 1898 4363 solemnitate

1102 4411 1261 4469 celebraturi
1274 4422 1385 4464 sumus:
1396 4405 1519 4477 adquam
1530 4418 1577 4458 vos
1589 4399 1769 4467 exhortamur,
1784 4407 1815 4453 ut
1824 4415 1898 4469 prar-

1103 4502 1202 4575 paretis
1220 4515 1278 4568 vos,
1301 4500 1323 4553 si
1341 4498 1387 4570 qui
1405 4496 1470 4552 esus
1487 4489 1682 4558 catechumeni,
1706 4498 1736 4545 ut
1754 4488 1897 4561 accipiatis

1101 4596 1214 4669 gratiam
1224 4611 1231 4660 ;
1240 4593 1295 4665 jum
1309 4604 1380 4646 nunc
1393 4597 1496 4658 tompus
1513 4593 1564 4650 est,
1577 4584 1631 4656 jam
1646 4597 1717 4638 nune
1730 4581 1899 4653 parturiatur
1987 4623 1989 4632 ,

1102 4684 1173 4758 quod
1186 4692 1250 4739 tunc
1264 4690 1397 4737 nascatur.
1408 4678 1478 4748 Ergo
1493 4675 1556 4732 illud
1569 4674 1701 4729 norimus.

1140 4777 1182 4831 il.
1203 4772 1258 4830 Sed
1272 4772 1339 4827 lorte
1357 4770 1409 4824 boc
1426 4767 1539 4838 exigitur
1555 4782 1571 4821 a
1585 4764 1672 4830 nobis,
1688 4772 1777 4818 utrum
1796 4760 1898 4819 babeat

1102 4865 1210 4939 aliquod
1222 4870 1416 4919 sacramentum
1429 4858 1602 4930 qnadraginta
1615 4872 1662 4912 sex
1682 4855 1759 4910 annis
1776 4854 1899 4909 udilica·

1102 4967 1158 5013 tum
1173 4956 1311 5025 templum.
1323 4952 1392 5008 Sunt
1403 4948 1510 5021 quidem
1522 4948 1604 5004 multa
1617 4961 1676 5015 que
1691 4946 1753 5001 hinc
1764 4944 1817 5000 dici
1827 4960 1898 5016 pos-

1102 5050 1170 5115 sint;
1190 5046 1237 5103 scd
1249 5045 1319 5117 quod
1333 5044 1451 5099 breuiter
1464 5040 1516 5096 dici
1529 5048 1618 5112 potest
1630 5046 1658 5096 et
1674 5037 1751 5093 lacile
1768 5036 1895 5107 intelligi,

1101 5142 1153 5199 boc
1163 5137 1269 5195 interim
1278 5136 1400 5192 dicimus.
1411 5132 1531 5201 Fratres,
1542 5130 1659 5186 diximus
1668 5127 1792 5199 jamnisi
1803 5126 1896 5195 iallor,

1101 5232 1229 5290 hesterno
1241 5228 1297 5296 die,
1312 5227 1398 5284 ddam
1412 5240 1494 5281 unum
1504 5222 1640 5279 bominem
1654 5220 1745 5288 luisse,
1763 5226 1792 5274 et
1803 5218 1897 5290 ipsum

1095 5339 1162 5381 -esse
1175 5332 1258 5379 totum
1272 5335 1356 5393 genus
1366 5319 1521 5374 laumauum.
1533 5313 1599 5369 Nam
1615 5313 1651 5368 ita
1661 5312 1787 5378 diximus,
1800 5310 1822 5364 si
1836 5325 1899 5365 mo-

1101 5416 1218 5474 ministis
1232 5412 1276 5486 (in
1294 5410 1418 5484 superiori
1431 5402 1572 5480 Tractutn).
1586 5404 1667 5473 Quasi
1684 5403 1783 5457 tractus
1797 5410 1849 5468 ost,
1867 5410 1898 5457 et

1102 5522 1211 5579 sparsus
1230 5504 1377 5574 colligitur,
1399 5509 1427 5556 et
1442 5498 1520 5569 quasi
1544 5496 1676 5552 curabatur
1696 5494 1724 5548 in
1744 5508 1825 5548 unum
1847 5506 1898 5545 so-

1101 5599 1198 5654 cictate
1223 5606 1303 5666 atque
1325 5591 1466 5649 concordia
1487 5587 1643 5660 spirituali¹.
1667 5587 1700 5641 lit
1720 5584 1803 5657 gemit
1820 5598 1897 5640 unus

1133 5710 1142 5742 ¹
1153 5708 1190 5758 sic
1200 5714 1253 5758 ttae
1266 5711 1294 5757 at
1305 5706 1373 5767 editi,
1383 5715 1409 5757 at
1419 5715 1492 5755 utun
1502 5698 1637 5755 uratum
1649 5702 1720 5761 mque
1738 5692 1897 5749 :caudinas
