4000 6359
749 194 782 250 ΙΝ
801 190 939 250 tetradis
958 183 1188 253 stambertus,
1210 186 1238 245 S.
1260 183 1443 247 attcb's'tta'i

287 202 350 259 trit
1827 194 1873 259 {93

284 330 373 381 tutem
384 328 411 379 et
423 318 515 387 durias,
526 317 570 389 qni
585 320 704 371 tradebat
714 328 785 379 cum,
799 325 859 367 cum
874 308 948 379 ipsis.
958 304 993 363 tlt
1006 316 1070 375 erqo
1122 302 1220 374 qrrippo
1240 302 1310 359 lacto
1322 305 1367 361 illo
1380 304 1524 375 discipulus
1536 303 1692 376 magistrum
1705 304 1838 370 defendere
1849 334 1889 375 ro·

287 412 352 469 dixit
362 411 413 477 cis,
427 409 483 479 qu
497 422 567 475 sunt,
579 406 701 461 abierunt
713 397 906 465 retrorsum,'et
917 394 1071 451 oeciderunt
1122 395 1181 464 luit,
1195 413 1247 452 non
1262 398 1333 469 quod
1347 398 1546 469 significandum
1560 407 1601 454 cst
1614 401 1747 470 cogitarit.
1757 403 1789 459 Et
1800 406 1838 463 ilie
1847 410 1890 481 igi.

289 509 318 563 ιιι
332 510 460 559 terrama
477 498 527 557 Ubi
547 511 618 553 inuno
640 494 753 549 militum
775 491 886 555 colrors,
907 494 935 545 ct
955 484 1070 543 ministri
1123 496 1166 543 tur
1177 487 1211 543 ad
1225 489 1378 557 patientiam
1390 489 1599 547 courmonendns
1610 490 1669 558 init,
1683 500 1711 546 ct
1724 491 1812 551 bocad
1824 499 1890 556 intei-

286 594 432 669 principun
450 606 482 646 ac
503 584 714 645 Pluriscorumt
727 582 770 638 ubi
786 590 872 638 terror
890 587 917 635 et
933 576 1070 633 munimen
1122 577 1256 649 ligentiam
1276 581 1508 637 conscribendum.
1529 582 1604 649 Qtrod
1625 591 1714 639 antem
1731 600 1748 641 a
1768 588 1892 651 Patrosini

282 678 545 748 annommiNempe
559 691 612 732 una
626 688 676 731 vor
689 672 811 737 dicentis,
824 669 955 741 quanm,
969 674 1069 721 tantam
1122 670 1185 726 dicit
1196 671 1286 727 datum
1301 673 1411 731 caliocm
1424 674 1563 742 passionis,
1578 675 1697 743 proiecto
1710 677 1773 733 illud
1782 692 1818 735 est
1832 688 1891 752 quan

281 773 385 829 turbam
404 769 471 829 odiis
484 769 598 824 lerocem
617 763 751 833 armisque
770 760 930 825 terribilem,
944 758 1002 813 sine
1016 755 1070 810 telo
1121 762 1159 814 ait
1172 762 1314 830 Apostolus
1327 781 1335 818 t
1349 763 1381 819 Si
1389 762 1458 818 Deus
1472 779 1517 833 pro
1526 764 1606 831 nobis,
1619 766 1675 835 quir
1688 776 1773 821 contra
1782 772 1842 825 nor?
1851 772 1894 839 Qut

281 864 336 919 ullo
347 861 492 933 percussit,
503 857 617 927 repulit,
631 854 733 911 stravit.
754 852 823 909 Deus
838 850 908 907 cuim
930 848 1028 904 latebat
1041 847 1069 903 in
1123 849 1191 907 Filio
1208 853 1311 924 proprio
1328 870 1378 907 aon
1393 854 1518 924 pepercit,
1533 853 1578 910 sed
1591 856 1719 928 pronubis
1731 860 1837 917 oramina
1847 874 1893 917 tra-

280 968 378 1018 carrie3
391 958 418 1007 et
437 949 614 1018 setnpiternus
628 944 687 1001 dies
698 943 734 1000 ita
749 940 874 997 membris
887 938 1070 995 occultabatur
1121 940 1185 995 didit
1198 958 1256 997 eunt
1278 940 1374 1014 (Rom.
1388 958 1442 1009 ιιιι,
1464 943 1508 1009 el,
1524 943 1559 999 52
1570 942 1591 1017 ).
1608 944 1707 1001 Verum
1720 952 1895 1007 auctorcaiicis

249 1104 253 1113 ,
281 1042 453 1107 intimandam
467 1038 576 1095 lanternis
588 1045 614 1093 ot
629 1026 1070 1103 lacibusquarereturoccidendus
1122 1032 1201 1102 hujus
1215 1041 1256 1089 ast
1271 1035 1350 1090 etiam
1366 1035 1422 1105 ipso
1441 1036 1484 1104 qui
1500 1034 1575 1091 bibit.
1591 1034 1667 1091 Unde
1688 1036 1758 1092 idem
1776 1042 1894 1108 apostulus

250 1142 255 1150 “
278 1152 292 1189 a
308 1134 435 1195 tenebris.
452 1131 507 1203 Eeb
526 1145 597 1197 ram,
616 1127 698 1193 dicit,
717 1133 745 1183 et
766 1124 861 1195 impios
883 1122 982 1193 dejicit.
1000 1119 1070 1188 Quid
1123 1122 1186 1177 item
1199 1123 1263 1177 dicit
1278 1142 1285 1179 :
1299 1124 1414 1179 Cicirrus
1426 1123 1514 1179 dilexit
1528 1142 1584 1192 noa,
1597 1135 1620 1179 et
1634 1126 1737 1180 tradidit
1750 1130 1894 1201 mnedpmur

278 1225 443 1294 iudicaturus
457 1220 550 1285 faciet,
564 1220 608 1292 qni
618 1218 777 1290 judicandus
791 1215 842 1271 boo
854 1209 934 1273 iecit?
945 1211 1014 1281 Quid
1028 1225 1070 1266 re·
1121 1228 1168 1283 pro
1177 1214 1251 1268 nobit
1260 1214 1409 1269 oblationem
1422 1223 1446 1269 et
1459 1215 1567 1269 bostiam
1581 1214 1636 1271 ileo
1648 1217 1675 1270 in
1687 1219 1788 1272 odorem
1800 1222 1895 1276 arcatu-

279 1325 407 1385 qnatnrus
419 1312 532 1384 poterit,
549 1312 593 1383 qui
614 1310 758 1365 moriturus
772 1307 823 1361 boe
837 1303 939 1375 potnitl
954 1303 986 1357 Et
999 1314 1070 1357 nunc
1122 1304 1153 1359 tir
1166 1304 1272 1376 (Epiros.
1289 1320 1314 1372 r,
1330 1305 1369 1379 Ω).

281 1403 380 1475 ubique
398 1418 444 1474 per
457 1400 643 1473 Eranqeiium,
657 1394 799 1468 Egeram,
814 1394 879 1451 dicit
891 1390 1029 1456 Christus;
1042 1396 1070 1445 et
1157 1396 1184 1451 6,
1203 1395 1300 1452 eorm„
1317 1407 1403 1451 ,mm
1422 1405 1445 1451 ep
1462 1396 1578 1451 menn„
1596 1405 1620 1451 θ,
1636 1397 1745 1452 „mn-
1763 1397 1896 1456 mmm

280 1510 295 1551 a
320 1494 419 1551 iudaeis
444 1498 611 1563 exspectatur
634 1486 837 1552 Antichristus,
865 1491 895 1539 ut
921 1490 993 1537 retro
1021 1494 1069 1535 re·

280 1586 377 1653 deant,
398 1584 465 1641 etin
479 1591 576 1641 terram
595 1580 700 1647 cadant,
711 1578 839 1649 quonlam
848 1575 1001 1630 deserentes
1013 1584 1069 1627 coe·

281 1677 378 1746 ieslia,
394 1685 497 1732 terrena
510 1672 672 1729 desiderant.
687 1667 765 1727 Certe
786 1666 818 1721 ad
842 1660 1070 1733 comprehenden-

281 1768 345 1827 dum
367 1768 458 1827 iesum
480 1773 664 1838 persecutores
687 1778 748 1819 cum
769 1758 896 1817 traditore
920 1764 1068 1822 venerunt,

281 1874 360 1933 quem
383 1858 538 1931 quaerebam
556 1858 730 1921 inuenerunt,
753 1850 896 1909 audierunt
920 1848 974 1921 Epo
990 1864 1068 1903 rant:

279 1964 364 2021 quare
375 1966 429 2007 uon
443 1926 718 2019 comprehenderunt,
736 1944 783 1999 sed
801 1941 927 1998 abierunt
937 1948 1029 2003 retro,
1044 1948 1071 1993 et

280 2040 450 2108 oeciderunt,
466 2040 516 2094 nisi
526 2038 587 2109 quin
600 2038 651 2093 boc
664 2036 762 2103 voluit,
778 2034 822 2105 qui
839 2031 924 2104 poluit
944 2028 1071 2101 quidquid

281 2129 381 2187 noluit?
396 2130 495 2187 Verum
519 2129 542 2184 si
556 2142 689 2198 nunquam
703 2140 732 2181 se
745 2126 778 2181 ab
795 2125 834 2181 cis
845 2123 1010 2195 permitteret
1024 2136 1071 2191 ap·

281 2220 425 2291 prehendi,
439 2236 492 2277 uon
505 2218 613 2292 quidem
630 2218 666 2274 iili
685 2218 803 2273 iacerent
817 2224 926 2287 propter
939 2213 1011 2285 quod
1024 2229 1067 2269 rc·

280 2321 390 2380 nerant,
406 2312 454 2368 sed
468 2326 517 2367 noe
537 2311 593 2382 ipse
614 2308 713 2365 laceret
733 2314 842 2379 propter
864 2305 934 2376 qnod
952 2311 1070 2363 venerat.

278 2404 347 2459 Erum
367 2402 465 2473 qnippe
488 2401 525 2458 illi
545 2399 719 2459 occidendum
742 2397 895 2467 qumrcbant
919 2393 1070 2457 saeviendu;

279 2493 327 2551 sed
346 2492 483 2563 qrraerebat
506 2505 555 2547 nos
578 2499 605 2545 et
626 2488 684 2558 ipse
706 2484 855 2543 moriendo.
871 2483 986 2541 Proinde
1009 2484 1071 2554 quia

279 2592 372 2640 terrere
382 2582 543 2649 nolentibus,
555 2596 605 2637 noo
615 2580 773 2645 valentibus,
785 2577 901 2635 osoendit
913 2584 1070 2647 potestatem

279 2688 354 2731 snam
364 2691 371 2742 ;
382 2674 437 2744 jam
453 2680 561 2729 teneant
570 2686 643 2740 eum,
657 2680 685 2725 ut
697 2670 775 2726 ductat
786 2668 820 2726 de
832 2668 1010 2725 nescientibus
1022 2683 1071 2723 ro·

279 2766 406 2823 tanatem
420 2781 507 2823 suam.

314 2858 343 2914 t.
365 2875 375 2909 ι
390 2856 488 2915 iterum
503 2871 565 2927 erqo
578 2870 626 2911 oos
637 2853 823 2923 mmaroqarit:
840 2852 923 2921 Quem
936 2850 1071 2923 quaeritisl

280 2948 322 3005 titi
344 2956 434 3004 autem
452 2947 599 3004 dixerunt:
615 2945 705 3002 iesum
725 2943 901 3001 Nazarenum.
926 2943 1072 3014 Respondit

279 3038 357 3095 Jesns
369 3060 376 3095 :
392 3038 452 3094 biri
462 3037 538 3093 rolris
552 3037 612 3109 quia
623 3052 673 3109 eqo
684 3051 753 3091 sum.
768 3035 796 3093 Si
810 3050 874 3106 ergo
886 3050 929 3089 mo
941 3034 1069 3106 quaeritis,

280 3132 358 3187 sirrite
378 3130 428 3186 lios
448 3130 532 3185 abire.
555 3129 588 3186 Ut
604 3128 758 3199 impleretur
776 3142 864 3183 sermo
887 3142 966 3198 quem
986 3126 1069 3193 dixit,

280 3220 346 3290 Quia
356 3235 422 3293 qnos
435 3220 531 3276 dedisti
541 3220 616 3283 milri,
629 3234 682 3274 urin
694 3217 793 3289 perdidi
804 3234 837 3273 ex
848 3217 888 3273 eis
901 3234 1069 3288 quemquam.

281 3312 310 3368 Si
324 3327 376 3379 me,
397 3330 407 3363 ι
422 3312 516 3382 inquit,
532 3330 542 3363 t
558 3309 685 3381 queritis,
701 3310 778 3365 sinite
790 3309 838 3364 bos
852 3309 961 3369 abire.»
979 3309 1070 3363 inimi-

280 3420 327 3460 cos
348 3403 452 3473 ridet¹,
476 3413 502 3460 et
523 3403 575 3459 boc
595 3401 694 3459 iaciunt
715 3401 787 3473 quod
803 3400 894 3473 juben
917 3402 1007 3458 sinunt
1024 3418 1071 3458 eos

280 3496 373 3564 abire,
395 3511 462 3567 qnos
483 3510 534 3551 non
558 3494 614 3549 vult
635 3494 731 3564 perire.
750 3491 883 3563 Numquid
905 3504 993 3549 arroem
1018 3508 1070 3549 non

273 3596 356 3643 crant
371 3596 461 3658 postoa
474 3584 615 3641 moritur-il
633 3584 686 3640 Cur
704 3598 768 3655 erqo
782 3582 805 3641 si
818 3592 879 3639 tune
892 3593 1068 3653 morerentur,

280 3677 405 3748 perderet
418 3692 475 3743 eos,
486 3676 536 3732 nisi
550 3676 612 3746 quia
628 3673 744 3730 nondum
757 3675 796 3731 sio
807 3674 833 3730 in
844 3690 905 3729 eum
915 3673 1069 3740 credebant,

278 3769 413 3839 quomodo
426 3768 536 3825 creduut
550 3766 709 3837 quicumque
718 3780 770 3821 non
782 3765 911 3835 pereunti

316 3860 343 3916 5.
365 3858 455 3915 Simon
469 3874 528 3933 erqo
547 3856 638 3915 Petrttt
658 3856 751 3913 tutent
763 3855 887 3929 pladiani,
901 3856 987 3911 eduxit
1001 3873 1069 3924 eum,

280 3961 304 4007 et
317 3952 438 4021 percussit
452 3966 549 4005 sertum
557 3949 678 4021 prittcipir
687 3948 855 4013 sacedotum,
870 3957 893 4003 et
902 3947 1008 4003 abscidit
1016 3949 1071 4018 eine

280 4038 420 4093 cadentem
432 4038 570 4093 dexteram.
588 4037 651 4092 Erat
663 4046 747 4091 uatem
759 4052 849 4091 nomen
861 4052 931 4092 serae
942 4035 1069 4092 diotrico.

281 4127 361 4184 Solus
371 4128 413 4183 irio
423 4128 585 4197 evangelista
595 4128 674 4181 etiarn
687 4141 784 4181 nomon
795 4126 874 4196 liujus
883 4128 952 4184 serni
963 4143 1071 4199 expres·

281 4217 337 4272 sit:
353 4217 421 4273 sicut
439 4216 525 4271 Lucas
539 4216 620 4280 maius,
633 4214 703 4284 quod
717 4212 775 4285 clus
787 4215 931 4271 auriculam
944 4217 1071 4275 liominus

282 4306 416 4377 tetigerit,
439 4314 466 4361 et
482 4306 614 4360 sanaverit
629 4318 692 4361 eam
705 4301 787 4379 (bne.
800 4319 865 4373 arn,
877 4306 908 4362 dt
918 4306 940 4379 ).
952 4308 1070 4363 Malchus

211 4392 215 4403 '
282 4407 371 4453 autem
386 4397 575 4469 interpretatur
589 4394 768 4466 lleqrraturus.
782 4394 850 4463 Quid
861 4411 924 4468 erqo
936 4400 1009 4455 auris
1022 4415 1070 4471 pro

281 4488 395 4545 ilomino
408 4494 541 4558 amputata
562 4497 617 4544 eta
632 4487 744 4543 Domino
756 4495 847 4543 satiata
863 4488 1004 4560 siqttisscat,
1019 4492 1070 4547 nisi

280 4579 400 4635 auditum
415 4586 549 4649 amputata
567 4586 698 4634 vetustate
708 4588 876 4649 retroactum,
893 4592 918 4637 ul
933 4582 969 4637 sit
980 4582 1006 4637 in
1019 4598 1070 4641 no-

281 4674 363 4731 citale
375 4672 492 4744 spiritus,
507 4680 535 4729 ot
550 4688 602 4729 non
616 4672 643 4727 in
659 4683 791 4730 vetustate
804 4674 899 4732 litterae
914 4673 925 4750 (
933 4674 1009 4733 Rem.
1022 4693 1069 4744 ιιι,

263 4760 330 4837 ,ab
342 4762 420 4833 Quod
431 4764 473 4821 eui
488 4762 636 4833 praestitum
648 4760 753 4820 interita
766 4764 882 4833 cbristo,
898 4766 957 4837 quis
968 4766 1071 4825 dubitet

280 4863 450 4925 remeaturum
469 4868 529 4909 esse
549 4868 610 4911 eum
629 4850 753 4912 Citrisloi
773 4854 849 4925 Quod
869 4867 956 4913 aulem
976 4874 1070 4916 servus

280 4946 405 5001 iniremus
418 4953 470 5011 ert,
486 4955 514 5000 ct
526 4944 578 5001 boo
588 4944 622 5000 ad
636 4945 707 5001 iilam
718 4947 832 5017 pertinet
841 4958 997 5007 vetustatem
1010 4966 1069 5021 quaa

280 5038 307 5091 in
324 5037 477 5095 servitutem
492 5044 612 5109 generat,
627 5036 698 5108 quod
711 5046 753 5094 est
763 5039 834 5110 Agar
847 5037 943 5111 (Galat.
958 5056 994 5109 rr,
1009 5042 1067 5113 tt).

280 5128 332 5183 Srtl
344 5143 404 5184 cum
416 5128 528 5185 accessit
540 5126 648 5196 saunitas,
669 5128 781 5200 liquente
794 5139 835 5186 est
848 5140 876 5189 et
885 5130 1003 5192 libertas.
1016 5134 1069 5190 lia-

280 5228 354 5275 etum
369 5231 456 5277 tamen
479 5220 550 5277 Petri
565 5221 692 5277 Dominus
709 5223 884 5293 improbarit,
903 5234 930 5281 et
947 5228 1068 5299 progredi

1121 1488 1362 1558 cotrrpreirenderunt
1378 1488 1484 1556 desum,
1504 1496 1527 1542 et
1541 1488 1681 1559 tiparaunt
1699 1505 1767 1543 enm.
1783 1490 1896 1560 Compre-

1122 1578 1272 1634 henderunt
1288 1579 1321 1633 ad
1342 1595 1421 1649 quern
1439 1593 1493 1633 nou
1505 1586 1676 1634 accesserunt
1691 1596 1698 1633 :
1714 1580 1835 1649 quioniam
1848 1581 1898 1638 dict

1123 1668 1177 1737 illc,
1192 1669 1228 1724 illi
1242 1684 1305 1726 cero
1320 1670 1436 1725 tetrcbrae
1457 1677 1675 1739 permanserunl;
1691 1683 1743 1724 nce
1755 1668 1897 1737 audierunt,

1123 1759 1238 1816 decedito
1257 1763 1290 1815 ad
1300 1778 1357 1815 eum
1370 1770 1394 1817 et
1410 1762 1590 1816 illuminemini
1602 1760 1614 1833 (
1625 1760 1697 1817 Pani·
1712 1777 1809 1830 xum,
1819 1764 1834 1818 6
1842 1766 1861 1836 t.
1875 1764 1899 1822 Si

1122 1852 1193 1909 enim
1205 1852 1244 1907 sic
1257 1852 1429 1916 accederent,
1445 1868 1497 1907 non
1509 1867 1571 1923 euna
1585 1853 1707 1909 manibus
1718 1852 1898 1923 occidendum,

1122 1944 1170 1999 scd
1184 1945 1362 2014 recipiendum
1370 1944 1451 2000 corde
1462 1944 1730 2015 comprehenderent.
1740 1944 1898 2001 Nuncantom

1122 2033 1228 2103 quando
1242 2049 1302 2089 eum
1317 2034 1362 2089 iiio
1374 2034 1454 2089 niodo
1463 2032 1732 2103 comprehenderunt,
1749 2043 1810 2090 turne
1818 2034 1849 2088 ab
1859 2032 1898 2088 illo

1123 2128 1226 2198 longius
1246 2135 1412 2183 recesserant
1425 2145 1433 2182 z
1446 2133 1473 2181 ct
1493 2125 1639 2197 ligaverunt
1652 2140 1714 2181 eum
1736 2141 1754 2181 a
1774 2142 1825 2199 quo
1843 2126 1901 2181 solri
1978 2111 1981 2118 ’

1124 2218 1211 2286 potitu
1224 2218 1293 2273 nelle
1307 2218 1465 2273 debuerunt.
1480 2217 1514 2271 Et
1525 2226 1600 2271 erant
1621 2216 1742 2271 fortassis
1759 2215 1786 2271 ia
1806 2216 1843 2271 eis
1861 2214 1901 2285 qui

1124 2317 1186 2363 terrm
1203 2310 1388 2379 imposuerunt
1408 2307 1515 2365 Cirristo
1534 2306 1638 2362 vincula
1653 2320 1716 2374 sua,
1739 2316 1817 2378 atque
1829 2307 1859 2361 ab
1874 2320 1903 2360 oo

1123 2409 1214 2471 postca
1229 2400 1331 2457 liberati
1344 2400 1475 2466 dixerunt,
1490 2396 1628 2469 Disrapitti
1645 2398 1748 2453 utnmta
1759 2413 1813 2451 ritca
1825 2396 1901 2469 (Pati.

1123 2506 1186 2557 car,
1200 2490 1233 2547 td
1241 2492 1260 2563 i.
1274 2491 1336 2545 ilaec
1349 2490 1427 2545 irodie
1439 2489 1505 2544 satis
1514 2490 1581 2555 sint,
1593 2488 1789 2553 tractabuntur,
1801 2487 1855 2543 Dra>
1864 2500 1903 2541 ro·

1124 2583 1204 2651 teum,
1220 2598 1343 2639 sermone
1355 2583 1409 2637 alio
1421 2597 1479 2652 quac
1494 2588 1651 2651 sequuntur.

1359 2713 1565 2772 ‘litterariis
1581 2710 1674 2769 cittii.

1123 2846 1161 2903 db
1173 2864 1202 2901 eo
1211 2846 1278 2919 qttod
1289 2846 1388 2917 ieqitur,
1403 2844 1437 2899 Et
1446 2843 1612 2899 adduxerunt
1625 2858 1686 2898 enm
1697 2832 1733 2897 ad
1745 2844 1845 2897 Atinam
1856 2855 1905 2912 prr

1158 2954 1246 3003 mnrn;
1261 2953 1338 3006 uaqrre
1351 2937 1384 2989 ad
1398 2934 1433 3001 id,
1449 2935 1546 2990 lterum
1562 2948 1626 3004 erqo
1639 2933 1748 3003 negarit
1762 2932 1867 2997 Petrus,
1881 2937 1905 2985 et

1158 3032 1246 3092 statim
1257 3030 1342 3101 gallus
1353 3029 1477 3085 calciavit.
1494 3025 1557 3097 Cap.
1570 3025 1670 3096 urrani
1684 3063 1691 3078 .
1704 3023 1802 3081 tra-tt.

1158 3142 1185 3197 l.
1196 3142 1370 3211 Posteaquam
1383 3148 1566 3210 persecutores
1578 3135 1698 3191 tradente
1710 3135 1782 3193 Jnda
1791 3148 1905 3203 compre·

1122 3234 1234 3289 bcrrsum
1249 3232 1392 3287 Doctrinum
1411 3230 1567 3299 ligaverunt,
1584 3228 1629 3297 qui
1643 3226 1740 3283 diluxit
1755 3242 1805 3283 nos
1817 3236 1842 3281 el
1854 3234 1907 3280 tra·

1122 3324 1189 3379 didit
1201 3324 1373 3392 semetipsum
1389 3336 1435 3391 pro
1447 3319 1522 3374 nobis
1533 3318 1641 3391 (tipice.
1653 3334 1680 3383 ι,
1691 3316 1735 3389 t),
1748 3325 1776 3373 ct
1784 3318 1826 3372 cni
1837 3316 1909 3371 Pater

1122 3431 1175 3471 nou
1195 3415 1329 3485 pepercit,
1349 3413 1396 3468 sed
1415 3427 1463 3481 pro
1485 3410 1562 3465 nobis
1582 3408 1705 3465 omnibus
1725 3408 1836 3481 tradidit
1852 3419 1907 3461 eum

1123 3505 1210 3579 (Rom.
1225 3524 1281 3573 ιιιι,
1295 3506 1356 3576 ὅῖ);
1379 3514 1408 3561 ιιι
1421 3503 1584 3573 intelligatur
1595 3500 1693 3568 iudas,
1706 3516 1765 3555 nou
1780 3496 1909 3555 laudabilis

1122 3597 1237 3652 utilitate
1256 3594 1405 3651 traditionis
1424 3592 1515 3663 lrtrjus,
1530 3591 1577 3647 scd
1592 3590 1700 3646 sceleris
1717 3591 1856 3646 voluntate
1866 3586 1909 3641 da·

1122 3689 1246 3746 mnabilis
1260 3706 1267 3742 ι
1282 3687 1449 3742 Adduaerunt
1462 3701 1530 3750 enm,
1543 3684 1612 3739 sicut
1621 3682 1743 3738 ioannes
1755 3679 1910 3751 enaoqeiista

1123 3790 1223 3848 enarrat,
1231 3780 1266 3835 ad
1274 3780 1374 3835 durmin
1382 3778 1500 3849 priniana.
1510 3775 1564 3832 Nec
1572 3782 1639 3831 tacet
1648 3789 1761 3830 cauum
1773 3790 1823 3830 cur
1832 3774 1866 3827 ita
1878 3770 1910 3825 ia·

1121 3882 1194 3928 ctum
1208 3872 1244 3926 sit
1260 3868 1345 3927 :Erat
1363 3869 1444 3931 enim,
1458 3868 1561 3938 inquit,
1581 3881 1652 3921 socer
1669 3863 1791 3936 Cuipiate,
1811 3865 1855 3936 qni
1864 3870 1913 3918 erat

1122 3963 1235 4036 potatisea
1254 3962 1314 4015 cnm
1330 3961 1409 4015 iiiittt.
1429 3958 1493 4014 Erat
1508 3969 1606 4024 coleret,
1629 3956 1727 4027 inquit,
1743 3954 1856 4027 (irripiens
1873 3951 1913 4021 pei

1121 4053 1254 4113 renalium
1268 4054 1336 4109 dedit
1355 4051 1472 4119 trtdmu,
1487 4050 1553 4117 Qttt‘o
1572 4049 1671 4120 erpedit
1691 4065 1775 4103 arram
1796 4046 1915 4101 deuincat

1122 4149 1187 4203 mori
1202 4163 1247 4218 pro
1266 4145 1370 4215 populo.
1383 4142 1476 4197 bicrito
1490 4149 1519 4195 et
1538 4137 1677 4195 iiattlraeus
1690 4153 1758 4194 cum
1773 4137 1800 4193 id
1814 4133 1913 4190 brevius

1122 4255 1231 4297 narrare
1251 4239 1396 4304 noluisset,
1418 4250 1479 4289 eum
1501 4234 1535 4287 ad
1557 4232 1684 4302 caipham
1706 4232 1820 4288 duettun
1840 4229 1917 4284 tutae

1122 4326 1500 4400 commemoratiiiattitaxrt,
1513 4324 1573 4395 ill:
1585 4324 1645 4393 quia
1653 4333 1679 4378 et
1688 4322 1723 4379 ad
1731 4324 1841 4376 Annam
1849 4317 1916 4389 print

1122 4422 1183 4477 idco
1197 4422 1291 4475 ductus
1313 4426 1368 4482 est,
1384 4415 1453 4486 quod
1473 4429 1550 4469 socer
1560 4412 1618 4483 ejus
1635 4410 1715 4468 luerit
1729 4428 1738 4466 τ
1754 4412 1803 4467 ubi
1822 4406 1918 4465 iurabi·

1121 4513 1235 4584 gentium
1246 4519 1287 4565 cst
1300 4509 1351 4563 boc
1364 4507 1486 4563 cumdem
1500 4505 1627 4573 caipham
1639 4503 1696 4558 deri
1709 4503 1844 4559 voluisse.

1155 4601 1183 4657 2.
1205 4598 1361 4672 Sequebatur
1373 4606 1466 4662 autem,
1482 4594 1585 4663 iuquit,
1601 4591 1690 4647 derum
1704 4592 1804 4647 Simon
1820 4588 1917 4651 Petrus

1121 4702 1146 4747 et
1166 4692 1232 4745 aliur
1249 4686 1397 4757 disciputus.
1413 4684 1539 4753 Quisnam
1558 4684 1609 4739 iste
1628 4683 1663 4737 sit
1675 4681 1849 4751 discipulus,
1869 4691 1918 4731 nou

1123 4792 1222 4840 temere
1239 4777 1423 4833 affirmandum
1438 4784 1496 4841 est,
1511 4774 1572 4844 qnia
1593 4782 1711 4829 tacetur.
1734 4772 1816 4829 Solet
1835 4777 1920 4825 autem

1120 4873 1232 4928 seidem
1243 4868 1360 4926 ioamres
1378 4868 1414 4921 ita
1437 4863 1601 4933 significare,
1618 4869 1647 4917 el
1657 4860 1780 4927 addere,
1797 4874 1873 4931 qaem
1885 4856 1921 4908 d‘r

1121 4964 1211 5036 lipebat
1224 4961 1299 5016 ierne
1310 4959 1398 5032 (iero.
1411 4973 1467 5020 xm,
1475 4956 1523 5019 25,
1533 4965 1556 5009 et
1569 4972 1623 5021 ιιι,
1635 4950 1691 5027 26)
1705 4950 1851 5009 Fortassis
1861 4958 1923 5019 erqo

1120 5066 1147 5111 el
1160 5053 1204 5109 hic
1215 5054 1272 5122 ipse
1288 5057 1330 5105 est
1345 5067 1352 5105 :
1367 5048 1486 5119 quisquis
1501 5056 1588 5101 tarrron
1604 5046 1655 5113 sit,
1672 5044 1822 5115 sequentia
1834 5040 1922 5096 ridan-

1120 5158 1189 5199 mus.
1205 5161 1214 5194 ι
1233 5140 1383 5211 Discipulns
1404 5147 1492 5194 autom
1508 5136 1563 5202 ille,
1583 5154 1593 5189 a
1619 5134 1715 5207 inquit,
1737 5141 1829 5191 rorat
1848 5138 1924 5186 notus

1121 5233 1247 5305 pontifici,
1271 5244 1298 5288 et
1310 5230 1428 5288 introivit
1445 5244 1506 5286 cnm
1526 5228 1629 5285 lesuin
1648 5229 1751 5282 atrium
1768 5222 1923 5296 munificis:

282 5306 350 5361 ultra
366 5308 499 5377 imbibisti
508 5307 602 5366 ditent
614 5327 622 5365 ι
636 5306 710 5367 Mille
721 5309 833 5384 elediata
843 5314 869 5369 in
881 5315 1006 5385 rapinam.
1020 5314 1070 5373 Cn·
1120 5326 1214 5381 Pclnrs
1228 5334 1315 5379 atatem
1332 5322 1420 5378 stabat
1433 5320 1466 5375 ad
1480 5320 1578 5375 ostium
1593 5317 1665 5374 ioris.
1682 5315 1763 5372 Exiit
1776 5331 1846 5387 erqo
1860 5312 1924 5367 aliut

282 5396 355 5453 ‘iiim
366 5413 440 5471 quem
452 5400 521 5455 dedii
533 5400 595 5457 ''¹5¹¹‘'
609 5399 696 5471 PM.
712 5418 761 5459 Μ
773 5403 855 5459 bibam
867 5404 960 5461 illvm?
972 5405 1001 5463 1¹¹
1019 5422 1069 5465 ⁸⁰⁰
1120 5414 1264 5485 discipulus
1275 5414 1319 5484 qni
1332 5421 1388 5468 erat
1402 5419 1480 5468 notus
1493 5408 1622 5480 pontilari,
1640 5415 1667 5466 et
1678 5406 1751 5461 dixit
1763 5405 1887 5462 ostiatim
1900 5410 1925 5456 et

314 5520 436 5580 tritona
454 5528 556 5605 aquinae
570 5531 595 5583 ιῃ
606 5540 692 5586 0220„
716 5536 775 5602 pegp
794 5538 842 5599 ppo,
864 5535 971 5592 mm
983 5540 1054 5605 jum
1121 5504 1264 5564 introduxit
1279 5503 1397 5560 Petrum.
1411 5500 1481 5561 Dicit
1501 5514 1565 5572 erqo
1583 5500 1662 5556 Petro
1675 5498 1778 5552 ancilla
1793 5493 1925 5551 ostiaria:

282 5602 329 5640 nec
341 5590 465 5643 attrrndum
476 5596 624 5646 inconcinne.
657 5606 685 5647 ιι.
1059 5579 1067 5606 ’
1123 5598 1254 5670 Numquid
1267 5604 1294 5651 ct
1308 5604 1335 5651 lu
1352 5610 1384 5650 cr
1399 5590 1537 5663 discipulis
1552 5607 1581 5647 es
1602 5587 1718 5647 lrourinis
1736 5585 1844 5643 istius?
1860 5582 1926 5641 ttictt
