4000 6359
116 364 191 423 209¹!

120 493 191 546 esse,
207 471 376 549 apertissime
390 470 477 526 doeet.
486 464 604 523 Sedhtec
613 461 756 519 verborum
767 472 915 515 consonan-

120 573 168 639 tia,
184 570 242 625 sire
261 564 427 637 provenerit,
438 561 496 617 sire
509 556 615 629 provisa
629 554 682 621 sit,
695 568 749 608 non
762 551 916 623 pugnaciter

121 660 255 735 agendum
277 664 362 715 estut
380 656 405 712 ei
420 654 531 727 quisque
545 647 705 713 consentiat,
728 644 776 701 scd
788 652 916 715 quantum

121 750 325 826 interpretantis
334 746 493 820 elegantiam
508 741 628 799 hilaritas
641 738 775 795 audientis
788 733 914 790 admittit.

158 846 202 900 ll.
225 840 291 899 lllud
303 854 369 897 sane
381 852 478 909 magna
490 833 636 891 intentione
646 832 728 885 animi
743 827 916 885 consideran-

121 937 205 1003 dum,
228 942 256 991 et
279 932 341 989 totis
359 930 462 985 viribus
484 926 590 998 pietatis
618 919 830 992 amplectendum
852 917 917 973 satis

122 1034 251 1098 apparet,
274 1022 400 1095 quoniam
422 1020 445 1077 si
465 1019 550 1091 gratia
573 1023 601 1072 et
626 1029 678 1087 pax
699 1012 732 1068 ad
756 1009 916 1083 implendam

122 1118 262 1176 Trinitatis
274 1112 555 1173 commemorationem
570 1106 609 1164 sie
621 1102 787 1177 abdpostolo
799 1102 916 1173 ponitur,

123 1228 156 1269 ae
174 1213 196 1268 si
211 1210 339 1281 Spiritum
362 1214 483 1263 sanetum
505 1203 685 1271 nominasset;
708 1198 754 1254 ille
776 1204 870 1268 peccat
890 1194 918 1249 in

123 1303 253 1374 Spiritum
273 1308 406 1367 sanctum,
421 1296 466 1369 qui
479 1294 635 1365 desperans,
649 1290 691 1347 rel
707 1288 821 1343 irridens
838 1297 918 1356 atque

123 1402 300 1449 contemnens
313 1389 529 1462 pradicationem
544 1384 635 1456 gratiae
654 1394 792 1452 perquam
812 1385 919 1450 peecata

122 1484 272 1549 diluuntur,
295 1490 322 1537 et
347 1480 419 1550 pacis
441 1492 489 1548 per
514 1490 593 1547 quam
616 1471 819 1531 reconciliamur
843 1468 918 1535 Deo,

123 1576 257 1632 detrectat
270 1587 349 1643 agere
369 1566 553 1641 poenitentiam
573 1563 737 1636 depeecatis
755 1562 821 1627 suis,
844 1568 872 1616 et
892 1559 919 1615 in

123 1681 220 1723 eorum
233 1664 403 1733 impleatque
415 1654 551 1715 mertilera
562 1654 677 1727 quadam
687 1654 817 1709 suauitate
824 1650 921 1724 perdu-

121 1755 238 1815 randum
249 1754 300 1810 sibi
311 1750 507 1815 essedecernit,
519 1746 583 1805 etin
595 1746 674 1802 linem
685 1759 770 1817 usque
782 1743 918 1816 perdurat.

122 1849 202 1917 Quod
225 1861 289 1918 ergo
312 1849 350 1900 alt
369 1843 507 1910 Dominus,
523 1829 619 1895 dimitti
637 1836 749 1905 bomini,
769 1836 792 1891 si
811 1835 921 1891 uerbum

122 1940 223 1998 dixerit
243 1937 372 1994 aduersus
392 1935 490 1991 Filium
512 1931 627 1987 bominis
643 1947 649 1983 :
665 1928 688 1985 si
702 1938 790 1984 autem
811 1928 921 1985 verbum

122 2029 223 2087 dixerit
232 2027 360 2082 adversus
369 2022 497 2096 Spiritum
505 2030 636 2087 sanctum,
651 2033 704 2075 non
718 2018 741 2073 ei
752 2015 862 2085 dimitti,
876 2032 922 2073 ne-

122 2136 175 2192 que
188 2120 244 2187 bic,
256 2132 343 2189 neque
352 2117 378 2171 in
390 2114 479 2172 loturo
488 2114 598 2178 saecolo,
609 2109 656 2167 sed
666 2124 742 2165 reum
752 2123 813 2165 esse
827 2108 921 2165 aeterni

123 2213 238 2285 peceati,
253 2226 309 2267 non
330 2208 494 2281 negligenter
515 2203 677 2262 audiendum
691 2210 741 2259 est.
768 2200 921 2258 Constitua-

123 2304 270 2363 musenim
289 2303 405 2374 aliquem
419 2301 509 2357 latinas
529 2298 626 2370 lingua
641 2298 772 2369 ignarum,
795 2311 856 2353 com
877 2294 923 2351 illo

124 2396 254 2452 audiente
261 2392 445 2464 pronuntiatos
455 2388 535 2447 luerit
542 2389 575 2446 ab
582 2389 671 2460 aliquo
681 2386 796 2457 Spiritus
805 2394 922 2453 sanctus,

124 2501 248 2561 quaerere
266 2485 330 2557 quid
350 2499 439 2541 rerum
462 2480 625 2554 signilleetur
637 2480 687 2535 sub
699 2480 751 2535 isto
763 2478 923 2551 syllabarum

125 2594 211 2646 sono;
226 2578 261 2633 ab
278 2578 366 2648 aliquo
387 2583 475 2631 autem
497 2573 639 2643 deceptore
651 2571 694 2627 uel
709 2570 819 2626 irrisore
842 2569 924 2639 impio

125 2667 286 2741 responderi
300 2666 398 2737 aliquid
411 2663 492 2731 aliud,
506 2662 644 2735 quodlibet
665 2660 719 2717 uile
732 2668 759 2716 et
778 2659 923 2728 abjectum,

125 2772 158 2819 ut
182 2768 350 2833 quaerentem
374 2757 507 2828 decipiat,
532 2754 610 2811 sicuti
625 2768 639 2808 a
655 2753 752 2811 talibus
776 2750 833 2807 lieri
856 2752 924 2807 solet

126 2854 234 2912 ridendi
247 2854 348 2925 gratia;
365 2851 438 2909 illum
453 2857 541 2905 numm
555 2863 602 2919 per
614 2846 789 2919 ignorantiam
802 2852 923 2901 coutem-

126 2948 216 3019 psisse
228 2946 281 3001 boc
299 2958 406 3011 nomen,
421 2942 484 2997 dum
496 2940 582 2997 nescit
598 2937 663 3009 quid
676 2934 818 3007 significet,
829 2944 857 2992 et
875 2936 924 2990 ali-

126 3057 179 3113 qua
194 3040 278 3096 etiam
296 3038 323 3093 in
344 3038 395 3093 hoc
408 3034 527 3091 conuicia
538 3032 674 3102 jactitasse
688 3047 695 3083 :
708 3028 841 3085 neminem
864 3042 925 3084 esse

127 3131 246 3187 arbitror
257 3136 311 3183 mm
326 3142 422 3182 uanum
438 3133 466 3179 et
479 3106 714 3184 inconsideratum,
727 3118 773 3189 qui
787 3117 859 3175 burne
873 3116 924 3173 ho·

127 3222 230 3277 minem
245 3218 302 3275 ullo
315 3215 427 3273 crimine
441 3211 583 3282 impietatis
599 3216 731 3280 aspergat.
752 3208 788 3263 At
811 3215 923 3275 eontra,

127 3314 150 3369 si
170 3313 254 3367 tacito
275 3308 384 3365 nomine
408 3320 451 3361 res
473 3304 529 3374 ipsa
554 3300 644 3357 uerbis
667 3298 763 3370 quibus
784 3305 872 3368 potest
891 3296 926 3351 ad

127 3402 276 3476 quaerentis
290 3394 489 3469 intelligentiam
503 3391 674 3465 perducatur,
689 3398 820 3445 tumuere
833 3395 927 3443 contu-

127 3495 243 3553 meliose
255 3494 284 3548 iu
292 3498 391 3547 autam
401 3485 568 3543 sanctitatem
580 3483 625 3537 uel
636 3480 717 3537 uerba
726 3479 771 3535 rel
785 3478 853 3533 lacta
865 3492 927 3548 pre·

129 3587 234 3653 tulerit,
248 3598 312 3640 reos
324 3580 466 3637 tenebitur.
480 3575 545 3645 Qua
555 3589 615 3629 eum
631 3573 666 3627 ita
679 3572 741 3637 sint,
756 3568 926 3625 manifestum

127 3694 192 3737 esse
203 3676 328 3741 arbitror,
343 3686 403 3729 eum
416 3670 460 3742 qui
479 3668 529 3723 boc
545 3663 653 3720 nomine
667 3661 767 3727 audito,
784 3660 863 3716 aliam
876 3674 926 3729 pro

128 3773 181 3827 alia
202 3784 261 3825 rem
280 3762 423 3838 significari
444 3758 596 3832 putauerit;
612 3764 639 3811 et
653 3754 780 3809 aduersus
794 3766 853 3809 eam
868 3766 926 3807 rem

127 3876 211 3933 quam
224 3855 369 3929 significari
379 3855 430 3909 hoc
439 3850 547 3907 nomine
557 3844 682 3911 eredidit,
691 3843 801 3900 uerbum
812 3843 925 3898 dixerit:

127 3970 185 4010 nou
199 3953 272 4009 bunc
285 3949 324 4004 sic
336 3958 457 4018 peceare,
480 3950 510 3997 ut
523 3940 649 3995 aduersus
664 3935 793 4007 Spiritum
806 3942 927 3989 sanctum

127 4044 244 4102 uerbum
267 4028 369 4096 dixisse
380 4036 523 4108 iudicetur.
549 4029 589 4085 lta
608 4042 724 4099 quoque,
746 4026 769 4081 si
788 4026 927 4097 quisquam

128 4148 257 4208 quaerens
271 4131 337 4201 quid
349 4128 384 4183 sit
394 4126 510 4196 Spiritus
523 4130 642 4185 sanctus,
658 4118 748 4173 audiat
759 4116 793 4172 ab
805 4117 928 4186 imperito

128 4226 206 4284 bunc
218 4238 279 4283 esse
294 4222 391 4277 Filium
403 4217 450 4273 liei
464 4230 512 4286 per
523 4228 602 4284 quem
612 4210 682 4267 laeta
692 4218 754 4265 sunt
768 4207 868 4275 omitia,
883 4206 929 4277 qui

128 4320 215 4377 etiam
234 4323 307 4373 certa
324 4310 522 4383 opportunitate
544 4302 671 4373 temporis
685 4300 718 4357 de
731 4300 840 4371 Virgine
852 4306 929 4353 natus

127 4413 175 4475 sit,
197 4418 225 4464 et
240 4408 344 4463 occisus
366 4402 401 4457 sit
420 4416 437 4454 a
454 4397 563 4461 ludaeis,
585 4402 613 4449 et
627 4391 812 4457 resurrexerit,
833 4388 929 4460 quibus

126 4502 230 4559 auditis
254 4498 297 4553 rel
320 4502 398 4566 neget
418 4491 459 4547 uel
474 4488 583 4545 irrideat
600 4500 659 4555 qum
674 4483 744 4539 dicta
768 4490 830 4537 sunt
850 4498 857 4535 :
876 4496 929 4535 non

127 4610 196 4652 eum
209 4592 250 4646 sie
263 4587 348 4644 teneri
360 4582 505 4657 putandum
519 4588 571 4647 est,
586 4592 617 4632 ac
633 4576 656 4631 si
671 4575 781 4631 verbum
801 4571 929 4627 aduersus

128 4683 264 4755 Spiritum
274 4670 394 4733 sane'tum
406 4672 516 4733 dixerim
527 4668 575 4725 sed
593 4667 680 4739 potius
693 4664 822 4720 aduersus
832 4661 930 4717 Filium

129 4779 194 4842 Dei,
205 4774 249 4829 uel
264 4771 361 4826 Filium
374 4766 500 4825 bominis,
513 4763 582 4819 sieut
594 4768 621 4815 ct
634 4759 722 4815 uocari
732 4766 759 4813 ct
771 4770 829 4812 esse
842 4755 931 4827 digna·

129 4882 175 4926 tus
186 4875 239 4925 est.
254 4864 313 4921 Non
324 4862 395 4917 enim
407 4856 469 4929 quid
483 4854 518 4911 sit
531 4852 655 4923 imperito
666 4864 715 4921 per
726 4862 819 4904 uocem
832 4861 930 4918 propo-

128 4965 226 5025 situm,
250 4956 296 5012 scd
311 4970 360 5027 per
379 4951 509 5007 rationem
532 4944 692 5017 expositum,
706 4938 931 4997 considerandum

128 5063 185 5109 est.
201 5048 271 5121 Quia
282 5046 329 5102 ille
346 5058 408 5099 eom
420 5038 560 5097 maledicta
574 5032 714 5105 proterret,
729 5030 755 5089 ei
769 5031 860 5101 utique
871 5044 930 5084 ma·

128 5141 269 5201 ledioebat
282 5151 361 5208 quem
376 5134 425 5189 sibi
447 5134 600 5189 enarratum
612 5126 639 5181 in
659 5122 820 5195 cogitatione
843 5121 931 5176 intue-

130 5238 224 5293 batur.
248 5228 390 5297 Quodlibet
418 5230 507 5279 autem
527 5224 676 5285 uocaretur,
703 5222 790 5270 utrum
812 5226 855 5267 res
874 5212 931 5282 ipsa

129 5321 353 5388 venerandam
373 5313 505 5387 neganda,
525 5310 569 5367 uel
589 5304 763 5378 vituperanda
784 5302 932 5370 essetnec

129 5417 277 5491 quaeritur.
299 5410 356 5467 lloe
368 5406 449 5463 modo
468 5400 588 5461 etiamsi
606 5397 737 5483 quispiam
754 5400 856 5466 querat
873 5392 932 5463 quis

129 5514 170 5571 aa
193 5507 273 5564 lesus
298 5501 437 5564 Christum
464 5504 491 5553 ct
511 5509 543 5551 ea
566 5488 694 5564 quorem
720 5482 933 5555 respondeantur

127 5615 197 5673 qnae
216 5612 271 5653 non
292 5594 320 5649 in
332 5584 428 5647 Filium
443 5586 502 5653 bet,
521 5584 569 5642 sed
588 5582 676 5655 potius
690 5579 715 5635 in
728 5576 857 5648 Spiritum
868 5589 933 5631 san-

129 5703 212 5750 etum
225 5680 507 5761 conveniunt,quibus
518 5675 614 5733 auditis
626 5673 671 5730 ille
683 5669 850 5741 blasphemet
861 5685 868 5722 ε
879 5682 933 5724 nou

130 5782 233 5855 atique
255 5777 383 5839 aduersus
397 5771 504 5839 Filium,
527 5767 574 5827 sed
589 5766 716 5825 aduersus
729 5760 856 5835 Spiritum
870 5750 932 5817 san·

749 338 924 401 monstrt
942 338 1138 401 exrosmre.

1591 320 1598 336 '
1686 339 1760 400 ausa

967 467 1040 515 ctum
1052 459 1163 514 verbum
1174 456 1273 513 dixisse
1285 455 1426 514 tenebitur.

1004 553 1048 609 lb.
1062 552 1116 609 Sed
1131 552 1154 609 si
1175 552 1326 628 transitorie
1338 566 1371 607 ac
1389 549 1555 623 negligenter
1567 550 1760 608 attenderimus

968 641 1039 715 qood
1052 641 1152 699 dictum
1163 650 1214 713 cst,
1229 642 1261 699 Si
1273 644 1329 714 quis
1341 645 1442 697 uerbum
1456 642 1548 697 dicerit
1562 642 1680 697 cornua
1694 641 1761 715 Spi-

968 738 1045 793 ritum
1057 746 1181 804 mactum,
1196 754 1247 791 nort
1260 735 1445 802 remitteturei,
1460 750 1540 806 rteqtte
1552 736 1580 787 io
1590 735 1637 788 lucc
1650 733 1760 802 aarum,
1786 788 1790 794 ,

969 844 1049 901 neque
1058 829 1086 882 io
1098 832 1184 899 sutoro
1197 825 1303 901 (liuttlr.
1315 842 1365 894 xrt,
1380 826 1442 897 32);
1457 826 1517 897 quis
1535 824 1647 881 inueniri
1661 824 1762 896 poterit

969 922 1012 977 cui
1026 920 1130 976 reniam
1144 927 1310 989 peccaturum
1324 917 1429 974 dederit
1441 916 1531 973 Deusl
1543 915 1609 972 Nam
1620 922 1649 971 et
1660 914 1762 985 lagani

970 1013 1016 1085 qui
1030 1012 1207 1084 appellantur,
1231 1012 1310 1066 etiam
1332 1024 1403 1065 nunc
1416 1017 1498 1065 totam
1519 995 1636 1063 nostram
1651 1006 1761 1077 religio·

969 1119 1048 1169 nem,
1068 1104 1128 1175 quia
1148 1103 1202 1175 jam
1217 1100 1287 1158 lerro
1302 1110 1329 1158 ct
1342 1102 1458 1157 caedibus
1475 1085 1659 1171 pmbibentur,
1675 1098 1761 1153 mole-

970 1196 1048 1252 dictis
1058 1194 1280 1264 contumeliisque
1291 1193 1472 1254 insectantur:
1486 1199 1514 1247 et
1522 1190 1649 1263 quidquid
1659 1190 1692 1245 de
1702 1189 1760 1259 ipsa

970 1284 1100 1341 Trinitate
1120 1284 1248 1350 dicimus,
1268 1282 1390 1353 negando
1409 1289 1436 1336 et
1448 1280 1657 1350 blasphemando
1666 1287 1762 1335 conte·

971 1372 1762 1444 mountllouenimexcipiuntsibiSpiritumsanctnmquem

971 1472 1141 1528 venerentur,
1156 1473 1185 1519 ut
1195 1466 1223 1519 in
1234 1471 1331 1520 caetera
1345 1464 1471 1530 aaeriant;
1488 1462 1534 1518 sed
1546 1463 1624 1517 simol
1636 1460 1763 1516 adversus

972 1560 1061 1616 omnia
1075 1572 1250 1630 quaecumque
1269 1556 1381 1613 sollicite
1395 1557 1404 1589 ¹
1423 1556 1457 1612 de
1471 1556 1539 1610 trina
1554 1554 1601 1611 lici
1624 1554 1764 1625 majestate

972 1652 1118 1723 loquimur,
1131 1658 1231 1721 quanto
1244 1656 1355 1720 possunt
1364 1647 1454 1702 lurore
1466 1645 1610 1717 impietatis
1619 1644 1763 1699 oblatrant.

971 1740 1040 1799 llam
1061 1756 1148 1812 neque
1160 1738 1194 1796 de
1211 1740 1270 1810 ipso
1284 1740 1338 1795 lieo
1353 1738 1431 1793 Patre
1444 1736 1523 1807 digna
1538 1735 1669 1801 seudum,
1683 1749 1763 1806 quem

973 1834 1069 1905 partim
1083 1833 1190 1904 penitus
1202 1839 1311 1903 negant,
1326 1829 1423 1900 partim
1435 1828 1475 1883 sic
1488 1827 1613 1893 latentur,
1628 1834 1658 1879 ut
1670 1824 1705 1881 de
1718 1824 1766 1879 illo

972 1923 1040 1981 salsa
1061 1923 1269 1995 engeramnus
1289 1921 1381 1991 otique
1403 1919 1494 1985 illum,
1518 1916 1565 1973 aed
1578 1930 1625 1971 soa
1639 1916 1766 1986 figmento

973 2025 1145 2075 venerentur.
1160 2015 1242 2070 llulto
1254 2014 1339 2084 magis
1353 2026 1418 2083 ergo
1429 2010 1501 2079 quod
1514 2009 1548 2064 de
1562 2006 1630 2064 Filio
1643 2005 1708 2071 liei,
1723 2005 1766 2061 vel

974 2111 1009 2168 de
1020 2110 1121 2180 Spiritu
1132 2115 1225 2164 saneto
1239 2106 1363 2171 dicimus,
1377 2119 1426 2159 suo
1440 2094 1522 2174 impio
1535 2116 1610 2159 more
1624 2094 1766 2168 deridere,

975 2219 1054 2276 quam
1068 2211 1159 2257 nostra
1171 2201 1215 2271 pia
1227 2200 1355 2255 socictate
1365 2198 1454 2253 colere
1466 2196 1626 2251 maluemnt.
1638 2194 1711 2262 Quos
1723 2201 1767 2247 ta·

974 2312 1055 2361 men,
1071 2302 1197 2365 quantum
1218 2306 1376 2362 possumus,
1398 2288 1572 2343 adhortamur
1584 2285 1618 2341 ad
1631 2285 1767 2340 Christum

974 2386 1199 2460 cognoscendum,
1211 2392 1238 2442 et
1249 2399 1296 2456 per
1308 2385 1395 2455 ipsum
1405 2382 1511 2437 Patrem
1520 2380 1606 2435 mum
1615 2380 1637 2444 ¹,
1651 2392 1770 2434 summo-

975 2498 1027 2555 qoe
1041 2490 1069 2537 et
1086 2495 1150 2536 uero
1170 2476 1325 2550 imperaturi
1348 2474 1515 2531 militandum
1536 2487 1595 2528 esse
1608 2471 1768 2537 suademus;

975 2588 1076 2645 eosque
1097 2571 1227 2642 promissa
1252 2568 1409 2640 impunitate
1430 2564 1626 2637 praeteritorum
1649 2563 1769 2618 omnium

974 2670 1146 2735 peccatorum
1160 2661 1302 2717 invitamus
1313 2658 1348 2715 ad
1362 2657 1452 2713 ladem.
1467 2656 1524 2725 Qua
1536 2655 1563 2710 in
1578 2669 1609 2711 re
1621 2651 1770 2723 satisjudi·

976 2769 1086 2821 eamus,
1102 2752 1220 2809 etiamsi
1235 2751 1298 2822 quid
1312 2749 1441 2805 aduersus
1454 2748 1582 2817 Spiritum
1601 2752 1723 2801 sanctum
1740 2744 1770 2800 in

977 2862 1026 2903 sura
1040 2845 1168 2915 sacrilega
1187 2841 1375 2913 superstitione
1395 2840 1535 2905 dixerunt,
1554 2852 1615 2893 cum
1630 2833 1769 2892 christiani

977 2939 1040 2993 lacti
1053 2936 1166 3003 luerint,
1187 2935 1245 2989 siue
1257 2933 1310 2988 ulla
1331 2932 1443 3003 caligine
1463 2927 1635 2984 dubitationis
1655 2926 1768 2999 ignosci.

976 3030 1062 3088 ludaei
1076 3043 1140 3083 uero
1149 3026 1241 3097 quales
1251 3025 1378 3079 adversos
1389 3022 1516 3093 Spiritum
1527 3028 1649 3076 sanctum
1659 3016 1768 3084 luerint,

977 3122 1053 3177 testis
1065 3129 1106 3176 est
1119 3118 1279 3189 Stephanus,
1292 3130 1371 3185 quem
1381 3114 1440 3186 ipso
1449 3113 1547 3183 Spiritu
1558 3119 1650 3166 sancto
1659 3111 1770 3180 plenum

977 3213 1177 3284 lapidaverunt,
1191 3225 1251 3265 enm
1271 3208 1315 3263 illa
1329 3207 1417 3263 omnia
1430 3220 1490 3276 qum
1510 3206 1542 3271 in,
1554 3218 1601 3259 eos
1615 3202 1698 3267 dixit,
1712 3201 1772 3271 lpse

978 3304 1095 3376 Spiritus
1112 3302 1218 3359 dixerit.
1238 3300 1267 3355 ln
1279 3300 1376 3371 quibus
1388 3298 1477 3353 uerbis
1491 3295 1658 3366 apertissime
1671 3292 1772 3349 dictum

979 3404 1020 3452 cst
1034 3394 1143 3461 ludaeis,
1163 3392 1214 3447 l'ur
1226 3407 1325 3461 seraper
1337 3389 1463 3444 restitistis
1476 3386 1585 3458 Spiritui
1599 3392 1685 3447 ponec
1700 3383 1772 3455 (Act.

977 3505 1036 3553 trra,
1050 3485 1106 3559 st).
1124 3486 1153 3540 ln
1172 3486 1219 3541 illo
1237 3493 1326 3540 tamen
1340 3498 1452 3538 numero
1469 3479 1621 3537 ludaeorum
1641 3478 1772 3532 resisten-

980 3582 1045 3635 tium
1062 3578 1170 3649 Spiritui
1184 3586 1293 3641 sancto,
1308 3582 1336 3629 et
1349 3588 1402 3627 non
1415 3573 1450 3629 ob
1464 3571 1535 3626 aliud
1548 3568 1711 3638 Stephanum
1725 3579 1774 3621 ras

979 3670 1047 3739 ejus,
1058 3668 1109 3723 nisi
1120 3666 1190 3737 quod
1202 3666 1258 3736 ipse
1267 3679 1301 3719 eo
1312 3664 1405 3733 plenus
1415 3669 1482 3725 erat,
1494 3658 1681 3729 lapidantium,
1691 3657 1774 3713 etiam

980 3761 1079 3817 Paulos
1093 3759 1230 3832 apostolus
1244 3765 1316 3824 erat,
1337 3756 1365 3811 in
1386 3753 1510 3809 manibus
1523 3750 1642 3808 omnium
1659 3764 1773 3820 qoomm

979 3855 1139 3911 uestimenta
1151 3852 1273 3908 seruabat
1285 3869 1292 3905 ε
1306 3847 1376 3919 quod
1388 3848 1446 3917 ipse
1459 3846 1508 3901 sibi
1519 3853 1609 3917 postea
1624 3844 1703 3899 etiam
1716 3857 1775 3912 poe-

981 3944 1091 3999 nitendo
1105 3942 1263 4011 increpitat,
1278 3954 1311 3995 eo
1325 3938 1384 4009 ipso
1396 3936 1496 4007 Spiritu
1511 3935 1567 4006 jam
1588 3932 1773 4005 plenissimus,
1811 3962 1814 3968 -

980 4036 1024 4093 eui
1039 4036 1126 4107 primo
1140 4031 1311 4089 inanissimus
1325 4027 1482 4093 resistebat,
1498 4034 1526 4081 et
1548 4031 1654 4096 paratus
1664 4024 1719 4093 jam
1735 4022 1776 4078 la-

980 4126 1066 4201 pidari
1081 4141 1130 4197 pro
1144 4123 1241 4179 talibus
1253 4121 1347 4188 dietis,
1361 4118 1478 4189 qualium
1497 4115 1700 4187 predicatorem
1718 4114 1777 4183 ipse

980 4219 1154 4292 lapidaverat.
1162 4214 1230 4283 Quid
1239 4209 1558 4270 Samaritanilnonncita
1566 4207 1675 4279 Spiritui
1684 4214 1777 4263 sancto

982 4309 1168 4375 adversantur,
1184 4315 1214 4361 ut
1233 4306 1317 4375 ipsam
1337 4301 1504 4373 prophetiam
1526 4300 1633 4370 pertitus
1647 4308 1777 4355 conentur

983 4404 1166 4473 exstinguere,
1188 4413 1249 4469 grute
1267 4412 1316 4467 per
1337 4394 1465 4465 Spiritum
1486 4401 1608 4447 sanetum
1628 4390 1778 4444 ministrata

982 4494 1043 4551 est?
1056 4493 1174 4562 Quomm
1188 4497 1276 4544 tamen
1289 4485 1367 4539 saluti
1379 4492 1407 4538 et
1418 4483 1476 4554 ipse
1486 4482 1616 4537 Dominus
1625 4485 1776 4542 attestator,

983 4584 1011 4641 in
1026 4584 1118 4654 coqui
1132 4581 1166 4636 de
1180 4580 1272 4635 decem
1286 4574 1399 4645 leprosis
1411 4572 1546 4629 mundatis
1564 4568 1636 4625 solus
1653 4581 1777 4623 reversus

983 4665 1025 4731 est
1039 4682 1068 4728 ut
1081 4678 1172 4744 ageret
1185 4668 1300 4739 gratias,
1322 4679 1383 4720 cum
1404 4671 1476 4720 esset
1497 4660 1680 4717 Samaritanus
1693 4658 1703 4729 (
1711 4656 1776 4712 Luc.

983 4783 1051 4835 xm,
1065 4765 1110 4831 li,
1125 4760 1185 4835 lti);
1199 4769 1227 4816 et
1239 4760 1267 4814 in
1280 4758 1325 4813 illa
1340 4757 1462 4824 muliere,
1477 4768 1537 4810 com
1558 4766 1609 4821 qua
1622 4749 1655 4804 ad
1668 4756 1777 4819 puteum

983 4865 1060 4914 sexta
1079 4855 1145 4910 bora
1156 4853 1261 4907 loeutus
1273 4857 1324 4915 est,
1338 4847 1381 4903 rel
1396 4844 1492 4916 eisqui
1505 4840 1639 4913 perillam
1654 4838 1777 4895 credide-

983 4958 1047 5007 runt
1060 4946 1151 5019 (toan.
1166 4959 1204 5012 rr,
1220 4940 1309 5012 ili).
1329 4940 1394 4995 Post
1409 4934 1513 4992 bomini
1534 4942 1622 4988 autem
1643 4930 1779 4986 ascensio-

983 5054 1064 5105 nem,
1087 5038 1157 5092 sieut
1177 5035 1206 5090 io
1227 5032 1337 5089 Actibus
1357 5024 1547 5099 apostotorum
1571 5022 1698 5090 scriptum
1720 5029 1777 5088 est,

984 5140 1083 5205 quauta
1104 5128 1281 5201 gratulatione
1301 5130 1453 5181 sauctomm
1472 5118 1568 5189 recipit
1582 5116 1701 5171 Samaria
1714 5129 1777 5170 rer·

984 5228 1047 5284 bum
1070 5223 1135 5281 lieil
1158 5222 1293 5279 Simonem
1312 5229 1419 5289 quoque
1432 5227 1538 5284 magum
1555 5224 1668 5281 argoeus
1683 5207 1779 5263 Petrus

985 5307 1133 5390 apostolae,
1148 5313 1219 5386 quod
1231 5322 1285 5368 tam
1299 5307 1369 5364 mole
1380 5304 1414 5360 de
1426 5304 1526 5374 Spiritu
1540 5309 1633 5356 saneto
1646 5298 1777 5368 senserit,

985 5419 1015 5467 ut
1029 5426 1090 5467 eum
1103 5386 1224 5464 venalem
1246 5410 1340 5474 putans
1362 5396 1475 5469 pecnnia
1494 5392 1545 5452 sibi
1565 5392 1707 5448 emendum
1730 5406 1778 5463 po·

974 5502 1117 5577 poscent,
1136 5513 1192 5553 oon
1204 5504 1294 5551 tamen
1311 5492 1348 5547 ita
1362 5489 1397 5546 de
1409 5487 1456 5543 ille
1467 5485 1634 5557 desperarit,
1650 5492 1679 5539 ut
1692 5482 1778 5539 uenio
