4000 6359
125 280 190 341 loct

121 396 261 457 salerniam
277 392 443 452 consulentis
456 390 642 450 pranderent:
655 392 718 465 quid
733 393 798 449 arilli
809 402 850 449 est
865 393 915 451 ista

122 490 239 567 prpetii
251 487 359 545 redeam
373 486 407 544 ml
418 502 470 556 nro,
483 503 586 543 rrrceum
599 502 656 557 ero,
673 488 754 545 Deam
769 504 857 544 meum
873 488 915 544 in-

123 583 232 641 vocabo.
244 582 313 637 Redi
327 580 362 637 ad
377 581 500 653 teipsum,
522 579 557 636 ibi
576 579 678 636 invenis
699 582 784 637 risam
799 582 839 637 :si
858 596 915 639 ιω-

123 677 185 751 pisti
198 672 281 731 Deum
293 674 379 746 sequi,
396 674 431 729 ibi
445 673 549 731 imonis
564 675 657 728 rixam.
672 674 756 743 eram
770 674 863 743 rixam,
876 676 916 733 in·

124 770 190 841 apris,
204 766 333 823 inuenio?
347 765 419 822 Caro
431 764 594 834 concupiscit
603 764 730 821 adversus
742 764 875 837 spiritum,
889 772 918 822 et

86 898 90 909 ,
123 860 230 931 spiritns
244 855 374 913 adversas
384 870 492 911 curnem
507 854 605 927 (Galat.
618 869 645 924 r,
663 854 718 925 ιι).
734 854 804 911 Eece
818 864 845 910 ιιι
860 854 917 926 ipse

122 968 161 1018 rs,
172 965 236 1007 ecoe
246 956 276 1003 tu
287 947 362 1005 solus
371 962 410 1015 es,
424 960 486 1003 ecoe
498 954 584 1003 meniu
597 962 637 1013 es,
647 960 710 1003 ecee
722 946 803 1001 alium
813 945 917 1003 nullum

107 1104 109 1107 .
123 1044 258 1101 lmrnincnt
278 1040 394 1114 pateris:
410 1040 457 1096 sed
470 1038 545 1095 rides
557 1038 635 1093 aliam
647 1038 732 1111 legem
747 1039 775 1093 in
789 1038 918 1096 mernbris

99 1117 110 1181 i
123 1138 185 1204 tnis,
200 1142 395 1206 repugnantem
410 1130 462 1203 legi
476 1132 650 1199 medrisma,
666 1137 694 1187 et
705 1129 882 1203 captivantem
893 1139 918 1185 to

123 1232 148 1286 in
161 1230 221 1300 lege
235 1226 348 1299 peceati
369 1238 427 1295 qnae
450 1231 492 1281 est
514 1222 542 1278 iu
566 1220 693 1277 membris
715 1218 917 1277 misiliminum

123 1336 197 1393 crgo,
212 1329 269 1375 cta
285 1317 342 1373 rixa
355 1314 482 1372 interiore
494 1315 579 1371 elarna
593 1312 625 1369 ad
641 1314 735 1377 Deum,
748 1321 778 1369 nt
788 1314 834 1370 tibi
848 1312 920 1384 paci·

123 1414 183 1468 Dect
197 1420 224 1466 tc
235 1428 242 1465 ι
255 1408 335 1465 lttrer
348 1424 393 1480 epo
407 1406 492 1473 bomo,
506 1408 561 1479 quis
576 1423 615 1461 me
635 1404 749 1461 liberabit
766 1404 798 1461 tie
815 1422 920 1479 corpore

122 1502 208 1557 stertis
223 1499 323 1573 bajus?
344 1496 434 1553 Gratia
449 1496 497 1551 bet
511 1513 556 1569 per
575 1495 665 1551 iesum
680 1482 807 1553 elinandi
827 1494 919 1553 Danti-

122 1610 181 1647 nrnn
195 1600 312 1647 nostrum
325 1586 412 1664 (Rom.
427 1604 474 1659 ιιι,
487 1585 596 1661 erl-tt).
620 1587 686 1656 Quia
704 1588 746 1660 qai
758 1603 807 1658 uae,
822 1587 919 1661 inquil,

123 1686 243 1756 sequitur,
259 1699 310 1739 ιιοιι
323 1681 460 1737 ambulabit
479 1682 506 1737 ist
527 1681 649 1747 tenebris,
667 1682 711 1735 scd
725 1681 823 1737 babebit
836 1683 920 1738 iurrren

123 1780 187 1833 rire.
203 1776 291 1833 Finita
305 1784 359 1831 tola
376 1776 444 1842 risa,
461 1775 646 1831 immortalitas
657 1781 846 1845 consequetur,
858 1776 919 1845 quia

123 1868 259 1923 audoinus
273 1866 377 1922 inimice
388 1866 531 1921 destruetur
543 1882 622 1921 ιιοιι.
637 1864 673 1921 Ει
684 1865 770 1937 qualis
783 1880 833 1936 pax
848 1868 920 1923 crit?

126 1960 232 2031 Oportet
242 1956 406 2029 corruptibile
418 1958 466 2013 boc
475 1940 812 2029 induereincoffuptiorrem,
820 1966 843 2013 et
853 1974 921 2013 mor-

124 2052 173 2107 tale
180 2050 230 2105 doe
241 2049 348 2105 iuduere
354 2044 569 2104 immortalitatem
579 2046 601 2121 (l
612 2046 670 2103 Car.
683 2048 785 2137 vaDD,
797 2048 852 2119 55).
862 2048 921 2116 Quo

123 2151 152 2197 nt
169 2141 320 2208 sortiamus,
340 2138 401 2212 quia
416 2149 478 2196 trane
493 2140 546 2196 erit
558 2140 584 2196 in
599 2154 638 2208 re,
654 2154 725 2195 narro
739 2132 881 2211 sequamur
893 2141 919 2195 in

123 2249 170 2303 spe
183 2248 247 2293 eum
261 2232 307 2303 qui
320 2231 397 2296 dixit,
413 2230 470 2305 liqo
484 2248 540 2287 suar
554 2231 600 2286 iau
613 2231 719 2287 arnadi:
731 2233 773 2304 qui
783 2248 823 2287 me
836 2233 920 2303 sepni-

123 2334 173 2393 tnr,
186 2342 238 2379 nort
250 2322 389 2379 ar'nbuiabit
401 2322 427 2377 in
442 2321 547 2377 tenebris
552 2340 563 2389 ,·
583 2322 628 2377 sed
642 2322 740 2378 babebit
756 2323 841 2378 iumen
852 2324 919 2380 or'toe.

355 2412 560 2471 sanctulus
578 2410 687 2471 XXXV.

124 2507 160 2565 db
174 2524 203 2563 co
217 2508 287 2580 qnod
299 2508 401 2581 lepitar,
416 2507 544 2563 Disernnt
555 2521 620 2579 erqo
635 2506 773 2575 Pisarisaei,
787 2506 828 2563 'l'u
840 2506 873 2563 de
882 2516 921 2565 tc-

159 2604 218 2673 ipso
239 2601 421 2659 testimonium
439 2600 573 2672 perbibet,
596 2608 661 2665 eta,
676 2617 753 2673 arque
766 2600 850 2669 adid,
865 2600 920 2659 Vc·

159 2710 218 2749 nrm
232 2701 274 2750 est
296 2692 476 2751 testimonium
491 2706 591 2759 meum,
614 2691 675 2763 qnia
688 2692 745 2748 scio
758 2690 829 2749 unde
847 2692 919 2763 real,

157 2795 185 2841 et
195 2800 250 2857 quo
262 2784 342 2841 rado.
356 2784 420 2856 Cap.
435 2798 490 2851 rau,
513 2782 551 2857 ι.
566 2784 610 2849 ιιι,
627 2782 670 2838 ιι.

159 2878 187 2934 ι.
207 2876 247 2932 Dc
259 2874 351 2933 sorbis
365 2874 469 2931 Domini
484 2874 568 2931 nostri
591 2873 653 2931 iesu
675 2872 786 2941 Christi,
808 2872 918 2940 abiait,

120 2970 179 3042 'Epo
191 2986 248 3026 strm
261 2969 306 3025 iste
320 2966 427 3023 raaudi:
440 2967 485 3041 qui
498 2984 538 3023 mc
546 2967 668 3037 requitur,
681 2982 731 3021 nou
746 2964 884 3019 arrrbniabit
893 2964 920 3019 in

126 3061 247 3126 t‹·rreiris,·
260 3059 306 3115 sed
325 3058 423 3113 babebit
437 3058 521 3113 lumen
534 3058 592 3112 uite
610 3054 700 3129 (ioan.
720 3071 777 3123 sun,
797 3054 853 3124 le),
870 3054 919 3111 be·

123 3162 213 3207 sterno
225 3152 270 3208 die
283 3150 328 3222 qni
349 3150 483 3215 adfuistis,
497 3148 542 3207 diu
562 3147 725 3220 disputatum
746 3161 806 3204 esse
824 3146 919 3203 meuri-

124 3243 216 3299 aistis:
230 3251 258 3298 et
270 3242 294 3299 si
306 3240 394 3298 adhuc
406 3241 518 3297 uelimus
541 3240 574 3296 de
597 3240 643 3297 illo
657 3239 756 3295 lumine
769 3237 917 3309 disputare,

122 3335 166 3390 dia
188 3334 261 3405 loqui
283 3348 444 3406 possumns;
469 3347 530 3388 nam
550 3348 602 3388 non
625 3346 767 3404 possamus
786 3330 919 3401 explicare

123 3423 292 3496 compendio.
312 3424 414 3496 ltaque,
432 3422 528 3479 iratres
548 3424 611 3490 mei,
625 3437 769 3494 sequamur
782 3420 918 3477 C'rristnm

123 3518 210 3579 lamen
234 3518 337 3587 mnndi,
361 3530 394 3573 ne
408 3515 574 3571 ambulemus
596 3515 622 3570 iu
645 3513 774 3571 tenebris.
789 3512 919 3571 Tenebrae

124 3609 272 3666 metuendae
287 3617 361 3677 sunt,
375 3624 491 3676 morum,
513 3622 566 3663 non
581 3607 735 3663 oculorum:
749 3606 811 3662 etsi
825 3606 919 3662 oculo·

123 3716 192 3767 rum,
206 3715 261 3756 uon
274 3700 450 3768 exteriorum,
466 3698 512 3755 sed
524 3698 691 3767 interiorum,
708 3696 777 3752 unde
790 3696 920 3753 discerni·

124 3801 166 3847 tur
179 3807 232 3848 non
245 3791 335 3849 album
347 3801 376 3847 ct
385 3790 500 3863 uiqrnm,
515 3790 562 3847 sed
570 3790 671 3862 justum
686 3796 714 3844 et
725 3788 864 3859 injustum.

157 3886 184 3944 2.
204 3884 271 3941 Cum
287 3884 345 3941 llaec
360 3899 424 3956 crgo
445 3883 556 3940 dixisset
579 3882 709 3939 Dominus
730 3891 821 3937 noster
839 3880 918 3938 iesus

123 3976 253 4047 CirristuS,
269 3976 465 4052 respoudcrunt
476 3975 561 4032 iudai
574 3992 580 4029 :
594 3972 634 4029 Tu
655 3973 688 4029 de
707 3982 730 4029 le
749 3974 919 4028 testiuroniuut

124 4069 200 4135 dicis,·
212 4070 385 4125 testinnonium
399 4076 470 4121 tatum
485 4083 536 4121 aaa
550 4074 587 4121 est
599 4080 694 4119 naum.
708 4066 857 4136 Antequam
870 4079 917 4121 re-

123 4162 190 4216 niret
204 4160 336 4217 Dominm
354 4170 446 4216 noster
459 4158 536 4217 lesus
548 4156 679 4221 Christro,
697 4155 796 4212 multas
814 4164 876 4211 ante
888 4170 918 4211 se

124 4252 245 4309 lucernas
262 4250 433 4323 propheticas
447 4248 569 4307 accendit
584 4256 612 4304 et
625 4248 705 4303 misit.
721 4248 759 4302 De
779 4246 821 4302 his
837 4247 918 4301 etiarn

122 4354 177 4401 erat
190 4344 309 4401 ioannes
319 4344 448 4414 Baptista,
459 4342 501 4399 eui
513 4352 565 4397 tam
577 4355 701 4411 maguum
716 4340 801 4409 ipsum
815 4338 916 4404 lumen,

122 4436 190 4507 quod
210 4443 255 4493 est
268 4434 398 4491 Dominus
412 4432 544 4499 cbristus,
568 4429 702 4504 perbibuit
724 4428 916 4502 testimonium,

121 4526 275 4593 qualeunlli
288 4525 426 4581 bominum
437 4542 444 4578 :
457 4524 495 4579 ait
504 4523 586 4589 carim,
596 4520 630 4575 ln
641 4519 707 4575 natis
718 4517 853 4574 arulierarm
867 4534 918 4575 ιιοιι

121 4618 229 4675 munit
242 4618 326 4689 major
338 4616 439 4671 ioaarre
448 4610 564 4684 Baptista
578 4608 685 4687 (blattis.
700 4626 737 4679 st,
751 4608 805 4681 ιι).
820 4608 869 4665 llic
879 4618 918 4665 ta-

121 4726 192 4781 meo,
203 4726 259 4785 quo
273 4723 354 4766 nemo
368 4718 426 4765 erat
441 4708 526 4778 major
547 4705 572 4760 in
588 4704 656 4763 natis
679 4702 830 4767 mulierum,
854 4700 918 4758 dicit

121 4802 153 4860 dc
167 4804 283 4861 Doutitm
295 4801 360 4859 iesu
374 4801 499 4859 Cbristo:
514 4793 571 4871 lipo
592 4796 692 4871 quidem
713 4795 813 4869 baptizo
833 4810 877 4850 ros
890 4794 917 4849 io

121 4914 201 4968 aqua,·
215 4898 260 4969 qui
277 4904 363 4955 attera
381 4896 455 4961 asub,
472 4892 562 4964 fertior
580 4908 620 4947 rire
642 4898 688 4957 est,
703 4890 777 4961 eujus
791 4906 842 4944 aon
858 4906 916 4944 rurtt

122 4989 211 5059 aliquus
222 4986 420 5043 castrametemur
433 4984 528 5042 soluere
545 4982 634 5054 (Joarr.
648 4995 667 5047 t,
682 4980 728 5047 26,
742 4982 801 5047 et).
820 4980 915 5037 Videte

121 5076 344 5151 quemadmodum
367 5091 397 5133 so
409 5075 518 5132 lucerna
538 5074 590 5131 diei
605 5074 751 5129 submittat.
767 5070 915 5129 Lucernam

672 274 875 339 rnscrnrus
893 252 1002 335 suan.
1025 278 1140 341 emur
1158 281 1227 340 ιιιι.
1273 242 1278 249 ’

1695 290 1765 349 {638
1822 290 1837 305 ⁸

969 393 1109 465 libuisset,
1123 399 1260 469 respondit
1269 399 1308 456 eis
1318 418 1325 456 ι
1337 399 1547 473 interrogabaut
1559 419 1608 475 ego
1620 416 1667 461 roo
1682 422 1765 463 uuum

968 502 1137 547 sernronem:
1151 490 1231 548 dieite
1240 492 1315 561 mibi,
1328 494 1479 565 Baptismus
1489 494 1600 553 loannis
1615 497 1685 555 unde
1704 507 1766 556 estt

969 577 1003 634 de
1015 580 1094 647 coelo,
1108 596 1142 636 an
1156 598 1189 639 ox
1210 582 1381 642 lroraiuibusi
1394 586 1503 644 Turbati
1519 589 1555 644 illi
1571 591 1639 646 intra
1662 602 1766 650 semet·

969 670 1043 740 ipsos
1056 672 1217 744 cogitabant,
1229 675 1291 747 quia
1306 676 1330 732 si
1343 676 1473 744 dicerent,
1488 680 1529 734 lb
1544 679 1708 750 bondnibns,
1724 682 1766 737 la-

970 761 1055 833 pidari
1070 773 1203 833 posenta
1217 766 1304 834 turba,
1318 784 1378 838 quac
1389 768 1518 825 ioannem
1534 773 1690 843 proplietam
1704 788 1767 830 esse

969 851 1111 908 credebat:
1128 854 1150 910 si
1162 855 1290 923 dicerent,
1314 858 1352 914 De
1370 859 1449 927 coeltr,
1465 861 1642 932 responderet
1654 864 1704 932 eis,
1718 864 1767 920 lile

970 958 1049 1015 quern
1065 945 1228 1002 eonlnemini
1241 947 1274 1003 de
1287 950 1356 1005 ereio
1367 950 1493 1008 babuisse
1505 955 1684 1025 proplrctiam,
1701 956 1767 1012 milri

971 1038 1151 1095 testimonium
1166 1040 1310 1111 perbibuit,
1325 1052 1352 1099 et
1366 1045 1400 1099 ab
1415 1045 1460 1101 illo
1482 1046 1594 1103 audistis
1611 1048 1702 1120 inqua
1716 1064 1768 1121 ego

971 1128 1022 1186 ista
1034 1132 1129 1187 laeiam
1144 1140 1284 1201 potestate.
1300 1132 1429 1191 Viderunt
1451 1152 1527 1208 ergo,
1550 1138 1690 1211 quodlibet
1714 1140 1767 1197 llo·

971 1239 1031 1279 rum
1046 1224 1255 1295 respondissent,
1277 1226 1303 1281 in
1324 1227 1446 1297 laqueum
1461 1245 1490 1285 sc
1502 1245 1627 1296 casuros;
1642 1242 1669 1287 et
1688 1231 1767 1287 ditc-

970 1324 1044 1385 rnnt,
1059 1314 1202 1370 Nesciunt.
1218 1316 1250 1371 Et
1264 1316 1393 1373 Dominus
1409 1319 1448 1375 eis
1459 1338 1467 1375 ι
1480 1319 1535 1375 Nee
1554 1309 1598 1392 eqo
1610 1322 1667 1376 dico
1685 1323 1766 1390 rabis,

971 1403 998 1459 iu
1012 1422 1062 1477 qna
1072 1415 1193 1477 potestate
1203 1406 1251 1460 ista
1263 1408 1330 1479 [acio
1341 1406 1449 1477 (Mettis.
1462 1426 1517 1476 sat,
1530 1410 1638 1483 23-27).
1651 1410 1710 1467 Non
1720 1427 1767 1468 ro·

971 1496 1013 1554 bis
1027 1498 1086 1553 dieo
1101 1498 1171 1569 quod
1181 1498 1247 1566 scio,
1262 1498 1391 1571 quianon
1411 1500 1490 1556 vultis
1502 1502 1579 1557 lateri
1593 1503 1665 1573 quod
1680 1503 1765 1559 scitis.

972 1590 1668 1661 iustissinreutiqaerepulsi,eoulnsiabscesserunt:
1679 1594 1767 1649 etim·

971 1681 1071 1751 pletum
1084 1690 1125 1736 est
1139 1680 1210 1751 quod
1224 1681 1251 1737 iu
1261 1680 1367 1737 Psalmo
1381 1697 1431 1753 per
1442 1681 1603 1754 Proplretanr
1618 1682 1683 1739 dicit
1695 1684 1767 1741 Deus

972 1770 1062 1839 Pater,
1086 1770 1181 1827 Paruri
1204 1770 1333 1827 lucentem
1353 1772 1453 1828 Cirristo
1476 1790 1541 1838 meo,
1563 1772 1589 1828 id
1612 1783 1663 1841 cst,
1680 1774 1766 1846 ipsunt

971 1864 1124 1932 ioannem3
1155 1864 1268 1923 inimicat
1291 1864 1346 1939 ejus
1368 1864 1476 1921 induam
1498 1866 1645 1939 catafasioae
1666 1865 1766 1939 (Psoi.

971 1973 1068 2021 exsul,
1085 1956 1129 2023 li,
1146 1956 1203 2029 lt).

1007 2048 1035 2104 b.
1056 2048 1175 2103 ilabebat
1195 2063 1259 2119 ergo
1274 2047 1401 2105 Dominus
1414 2048 1492 2105 iesus
1503 2048 1626 2106 Christus
1639 2050 1763 2107 testimo·

972 2140 1045 2197 nium
1060 2140 1255 2213 Prophetarum
1269 2150 1330 2197 anm
1343 2156 1374 2197 se
1389 2142 1597 2211 praemissorum,
1614 2157 1767 2215 praeconum

970 2232 1086 2305 judicem
1102 2234 1327 2303 procedentium,
1342 2232 1459 2290 babebat
1471 2234 1769 2292 testimouiumalaaa·

972 2340 1008 2381 nc
1019 2342 1026 2379 r
1038 2325 1085 2381 sed
1098 2325 1155 2395 ipse
1168 2325 1253 2396 majus
1264 2326 1273 2358 ¹
1285 2326 1465 2381 testimoninm
1479 2334 1548 2395 erat,
1561 2326 1632 2398 quod
1644 2327 1694 2383 sibi
1707 2342 1769 2399 pet·-

973 2416 1091 2474 bibebat.
1105 2417 1142 2472 llli
1152 2422 1240 2473 antem
1252 2416 1364 2472 irrllrmis
1374 2416 1459 2474 oculis
1469 2418 1593 2475 lucernas
1602 2419 1767 2490 querebant,
1876 2446 1880 2451 ⁴

972 2514 1034 2583 qula
1047 2510 1118 2567 diem
1131 2509 1201 2567 lerre
1213 2526 1266 2569 aon
1277 2518 1399 2581 poterant
1411 2527 1418 2563 ι
1429 2526 1491 2566 nam
1500 2509 1619 2569 ioannes
1628 2510 1698 2569 idem
1709 2510 1768 2582 ipse

972 2602 1120 2673 apostolus,
1136 2602 1213 2673 cujus
1224 2601 1398 2673 Erarrgelium
1413 2602 1576 2658 inmanibus
1590 2589 1769 2671 babeutrn,in

972 2693 1056 2765 iquios
1070 2693 1206 2765 Eratqelii
1216 2693 1256 2749 sui
1270 2693 1357 2765 eapite
1371 2694 1408 2747 ait
1422 2692 1577 2763 deioanae,
1589 2713 1599 2748 ι
1612 2691 1678 2749 Erat
1687 2694 1769 2751 lromo

972 2785 1072 2841 missas
1085 2800 1101 2840 a
1116 2785 1187 2851 Deo,
1202 2784 1244 2840 cui
1264 2798 1363 2841 nomen
1375 2792 1434 2841 erat
1445 2782 1583 2839 ioannes:
1599 2784 1643 2841 bic
1655 2785 1727 2841 renit
1739 2786 1769 2841 iu

974 2874 1173 2941 testimoninm,
1187 2883 1216 2929 ut
1230 2874 1412 2930 testimoninm
1426 2872 1581 2945 perbiberet
1598 2873 1632 2930 de
1650 2874 1766 2942 lumine,

972 2974 1001 3021 ut
1015 2978 1109 3021 omnes
1120 2964 1261 3021 crederent
1272 2978 1320 3035 per
1333 2978 1406 3019 carm.
1427 2962 1485 3019 Nou
1508 2971 1567 3019 erat
1590 2962 1635 3019 ille
1656 2961 1765 3032 lumea,

972 3053 1021 3111 sed
1036 3063 1065 3111 ut
1077 3055 1256 3111 testimoninm
1272 3053 1422 3125 perbiberet
1433 3052 1467 3110 de
1480 3052 1590 3109 lumine.
1601 3054 1665 3109 Erat
1677 3054 1767 3111 lumen

972 3140 1065 3203 ιιίιιιιι
1077 3189 1085 3213 ,
1098 3146 1170 3219 quod
1184 3145 1316 3202 illuminat
1327 3160 1436 3201 omnem
1457 3145 1594 3201 homiuem
1615 3146 1767 3201 seuientem

971 3238 998 3297 in
1013 3238 1171 3294 mnndum.»
1187 3237 1215 3294 st
1228 3253 1335 3304 emnem,
1348 3246 1448 3309 ergoet
1461 3235 1601 3292 loannem.
1614 3234 1692 3293 Unde
1704 3235 1769 3293 dielt

972 3343 999 3389 ot
1019 3332 1077 3402 ipse
1096 3330 1221 3389 ioannes.
1238 3329 1295 3385 Nos
1310 3347 1395 3387 arrrnes
1408 3328 1441 3384 de
1459 3330 1616 3401 plenitudiue
1629 3329 1684 3403 ejus
1697 3346 1769 3387 acce·

971 3425 1055 3495 pimus
1068 3423 1161 3497 (ioan.
1178 3440 1197 3491 ι,
1213 3422 1271 3493 d-D,
1287 3422 1344 3494 ιιι).
1361 3422 1508 3479 Discernite
1519 3438 1584 3495 erqo
1594 3422 1655 3493 ista,
1667 3430 1696 3479 ut
1707 3414 1768 3494 pro-

971 3516 1044 3571 lieint
1058 3532 1135 3575 mens
1151 3525 1237 3573 restra
1253 3516 1279 3571 io
1294 3515 1347 3571 lide
1359 3515 1475 3584 Clnisti3
1489 3531 1523 3572 ne
1535 3530 1642 3587 semper
1654 3515 1770 3573 infantes

970 3605 1030 3663 sitis
1051 3606 1135 3663 ubera
1158 3614 1322 3678 quaerentes,
1338 3613 1365 3660 et
1384 3620 1400 3659 a
1418 3605 1479 3661 cibo
1500 3604 1586 3660 solido
1606 3604 1767 3661 resilientes.

970 3698 1079 3755 Debctis
1092 3698 1163 3769 apud
1183 3705 1294 3753 matrem
1313 3706 1431 3754 sanctam
1444 3696 1590 3751 Ecclesiam
1605 3694 1704 3751 Christi
1716 3712 1767 3751 nu-

971 3793 1030 3850 triri
1042 3801 1070 3849 et
1091 3790 1234 3860 ablactari,
1255 3799 1283 3846 et
1304 3790 1337 3846 ad
1361 3804 1437 3846 escas
1457 3788 1598 3844 solidiores
1618 3786 1765 3854 amedera,

970 3894 1078 3954 mente,
1100 3899 1156 3944 ιιοιι
1172 3892 1275 3939 uentre.
1295 3882 1352 3940 lloe
1369 3897 1434 3953 erqo
1446 3880 1607 3947 discernite,
1620 3877 1692 3936 aliud
1706 3895 1768 3936 csso

969 3962 1060 4033 lnmcu
1074 3974 1146 4047 quod
1161 3973 1309 4042 illuminat,
1324 3971 1396 4029 alind
1417 3986 1478 4029 esse
1501 3969 1573 4043 quod
1592 3970 1765 4029 illuminattu.

969 4070 1037 4127 Natu
1049 4078 1077 4127 et
1091 4067 1161 4123 oculi
1176 4067 1259 4123 nostri
1280 4066 1380 4122 lumina
1393 4064 1534 4131 dicuntur;
1547 4072 1575 4121 el
1587 4064 1767 4135 uniusquisque

970 4162 1098 4235 itajurat,
1113 4148 1225 4232 tanmem
1234 4159 1326 4217 oculos
1340 4172 1414 4223 uros,
1428 4173 1478 4229 per
1487 4156 1587 4212 lumina
1599 4170 1659 4223 sua,
1671 4154 1716 4213 Sic
1727 4156 1768 4211 vi-

969 4266 1034 4309 nam
1051 4252 1152 4309 lumina
1172 4266 1231 4307 mea
1244 4268 1250 4304 :
1263 4250 1359 4307 usitata
1370 4248 1470 4321 juratio
1486 4257 1537 4304 est.
1552 4246 1617 4316 Quae
1628 4246 1766 4303 luminati

970 4344 1070 4401 lumina
1084 4351 1164 4408 snut,
1177 4342 1248 4399 desit
1260 4342 1351 4397 lumen
1362 4341 1388 4395 in
1402 4338 1525 4396 eubiculo
1538 4347 1584 4394 tuo
1598 4337 1701 4404 elartso,
1716 4350 1767 4409 pa·

971 4443 1046 4491 team
1057 4443 1085 4491 et
1096 4434 1205 4490 luceant
1223 4432 1287 4489 tibi:
1301 4448 1353 4487 noa
1373 4430 1465 4501 ntique
1484 4437 1605 4500 possano.
1625 4427 1767 4496 Quomodo

969 4542 1034 4599 erqo
1046 4526 1098 4583 isto
1112 4526 1138 4581 in
1153 4524 1220 4582 iaeie
1234 4540 1293 4596 quae
1306 4522 1453 4589 babemus,
1467 4530 1494 4604 et
1506 4521 1606 4577 lumina
1625 4536 1765 4593 nuncupa-

969 4634 1041 4687 mus,
1054 4626 1082 4675 et
1094 4617 1201 4689 quando
1214 4632 1278 4672 sana
1292 4625 1364 4681 snm,
1374 4625 1402 4670 et
1413 4614 1520 4685 quando
1533 4621 1634 4685 patent,
1648 4612 1767 4683 indigent

970 4710 1137 4767 extrinsecas
1149 4708 1283 4780 adiutorio
1295 4706 1419 4773 luminis;
1432 4720 1485 4776 quo
1497 4704 1585 4761 ablato
1601 4711 1649 4759 arnt
1662 4717 1715 4758 non
1732 4701 1766 4755 il·

970 4800 1035 4869 lato,
1049 4816 1115 4857 sana
1131 4809 1210 4867 suut,
1228 4809 1319 4870 aperta
1338 4807 1418 4866 sunt,
1432 4812 1482 4853 nee
1500 4806 1589 4855 umen
1603 4795 1693 4851 viicnt
1705 4808 1712 4847 ι
1725 4794 1765 4851 sio

969 4910 1049 4951 nteas
1060 4902 1161 4961 nostra,
1177 4893 1223 4965 qui
1234 4902 1277 4951 est
1289 4892 1382 4949 mulus
1395 4892 1502 4957 animae,
1518 4890 1570 4947 nisi
1587 4886 1706 4945 ueritatis
1720 4886 1763 4943 la·

968 4987 1042 5046 mine
1055 4986 1182 5053 radietur,
1197 4995 1225 5043 et
1239 4986 1274 5041 ab
1288 4986 1333 5042 illo
1348 4986 1392 5057 qui
1411 4983 1542 5039 illuminat
1560 4996 1610 5037 uec
1627 4979 1764 5035 illrrmina·

969 5089 1022 5147 tur,
1044 5080 1201 5137 mirabiliter
1215 5080 1370 5143 illustretur,
1384 5092 1434 5133 uec
1447 5075 1481 5132 ad
1492 5074 1648 5147 sapientiam
1661 5086 1712 5127 noc
1727 5072 1763 5129 ad

121 5185 183 5228 nero
196 5171 286 5243 ipsum
307 5168 439 5227 ioannem
458 5167 540 5225 inisse
560 5167 688 5223 Dominus
709 5168 766 5237 ipse
787 5176 914 5223 testatur:
966 5169 1096 5242 justitium
1110 5170 1209 5242 poterit
1220 5170 1369 5243 pervenire.
1384 5167 1443 5237 lpsa
1460 5164 1586 5222 estenim
1604 5161 1648 5219 via
1669 5170 1762 5218 nostra

121 5262 170 5325 lile
181 5274 246 5329 erat,
259 5262 355 5335 inquit,
372 5262 474 5317 lacerum
488 5258 580 5315 arderia
590 5269 613 5314 et
627 5258 731 5325 latreus,⁸
744 5266 766 5313 et
779 5274 822 5314 uos
837 5258 917 5313 reini-
966 5260 1039 5333 juste
1052 5261 1153 5317 virere.
1167 5259 1307 5331 Quomodo
1315 5268 1404 5315 antem
1414 5272 1469 5313 nou
1482 5253 1599 5337 offendat
1612 5252 1640 5308 in
1653 5251 1708 5321 ria,
1718 5253 1763 5311 cui

121 5358 164 5415 stis
182 5358 218 5413 ad
241 5360 334 5413 lteram
360 5353 488 5415 matare
509 5354 537 5409 in
557 5351 652 5409 iurniue
674 5352 730 5423 ejus
745 5350 802 5424 (lat.
815 5367 843 5418 r,
858 5350 914 5421 55).

122 5448 230 5519 Qrundo
242 5459 335 5506 autern
349 5446 474 5505 dixerunt
485 5442 571 5503 tutat
589 5443 712 5513 Domino,
733 5440 782 5497 Die
795 5440 875 5511 nobis,
889 5442 916 5497 in

121 5558 168 5611 qna
180 5550 303 5614 potestate
316 5538 366 5603 ista
376 5536 460 5611 {arisi
471 5535 559 5593 sciens
573 5534 701 5591 Dominus
716 5532 776 5605 qnia
785 5532 914 5589 ioannem

122 5632 265 5707 Daptistarn
290 5644 340 5705 pro
362 5644 460 5705 magno
482 5626 624 5694 luberent,
641 5632 668 5681 et
680 5624 750 5697 qnod
765 5624 822 5695 ipse
835 5640 915 5700 quem

123 5741 169 5800 pro
180 5742 279 5804 asspiro
289 5724 434 5797 habebant,
445 5722 528 5783 eisdc
538 5721 652 5781 Domino
664 5718 841 5777 testimoninm
855 5734 915 5793 per-

968 5367 1024 5410 nou
1045 5354 1116 5411 lucet
1136 5354 1244 5411 lorrren?
1259 5354 1298 5409 de
1311 5367 1359 5422 per
1374 5351 1425 5407 boe
1439 5350 1468 5405 ia
1480 5347 1526 5403 tali
1537 5346 1578 5402 ria
1590 5345 1683 5403 ridere
1695 5360 1764 5417 opus

968 5452 1030 5511 est,
1052 5443 1079 5499 in
1101 5444 1148 5500 tall
1170 5445 1213 5499 ria
1234 5443 1325 5500 ridere
1345 5456 1468 5512 magnum
1480 5447 1532 5495 est.
1545 5436 1723 5500 damnastis
1735 5436 1764 5493 in

968 5534 1036 5592 lucie
1055 5528 1148 5593 oeolm
1167 5536 1272 5591 clarisos
1290 5531 1423 5595 babebat,
1437 5537 1464 5585 et
1485 5529 1557 5587 illius
1571 5528 1641 5601 patri
1652 5540 1763 5586 manant

1000 5670 1070 5719 tter
1080 5700 1088 5727 ‚
1098 5666 1179 5730 im
1187 5663 1274 5738 nepas.
1287 5669 1315 5713 lt
1334 5669 1385 5712 lut.
1395 5660 1458 5735 laad.
1471 5668 1498 5714 et
1510 5666 1560 5722 ιιι,
1569 5660 1631 5734 ipse.
1641 5660 1764 5715 thetin

968 5736 1021 5781 llss.
1036 5742 1051 5782 c
1062 5729 1150 5795 quibus
1165 5724 1276 5793 plenqnc
1287 5724 1341 5778 looo
1351 5737 1439 5787 tmpus,
1449 5723 1550 5789 mosot,
1561 5736 1647 5788 tttafflt.
