4000 6359
226 350 296 413 tell
401 296 408 306 ἱ
442 291 454 318 l
622 347 854 422 cumcuma
872 350 921 409 EX
938 349 1033 413 tiolo
1050 346 1149 415 TEST·
1168 352 1256 413 PARS
1273 354 1441 415 SECUNDA.
1797 360 1873 423 2592

226 465 364 541 permisit,
378 472 408 522 ut
418 464 596 523 consumeret
606 466 742 531 tenebras,
754 474 781 524 et
790 466 925 551 principes
934 482 1027 523 earum
1116 466 1178 526 iiiii
1191 469 1239 541 (a).
1248 502 1283 514 —
1292 469 1480 539 lnSalcmone,
1489 472 1554 546 Sper
1563 481 1610 541 eat,
1620 471 1875 546 iuquiuintenebrla,

226 538 379 597 remitteres
388 535 595 596 hebetesiJnde
608 546 637 592 et
649 537 707 609 ipse
719 538 848 595 Dominus
861 549 899 594 ait
913 556 921 593 a
937 537 1027 593 Tristis
1082 548 1105 597 et
1117 542 1205 595 crelion
1219 552 1254 596 est
1268 544 1338 600 ennis
1350 544 1419 598 ciuus
1430 554 1454 599 et
1469 544 1539 600 leone
1549 554 1660 600 ewrino.

226 617 265 663 est
285 609 372 665 animo
393 625 451 665 ineo
468 624 547 681 aeque
567 608 602 663 cd
618 620 724 663 mortem
738 607 846 681 (nain.
872 625 945 675 arvi,
967 609 1026 681 38).
1117 612 1245 670 Tenebrae
1260 614 1436 684 ignorantiam
1459 616 1607 687 significant
1627 625 1654 673 et
1677 617 1876 688 gentilitatem:

225 676 363 737 Permissa
376 679 521 749 estenlm,
536 679 608 762 quod
622 687 724 737 naturae
738 692 876 748 suaserat,
891 689 920 735 nt
934 681 1027 738 trista·
1081 683 1142 754 quia
1157 698 1219 754 spes
1232 694 1273 740 est
1287 686 1315 741 in
1346 688 1420 742 rutili
1433 688 1521 759 potius
1535 702 1614 757 quam
1634 687 1660 743 in
1675 698 1809 759 apostata,
1821 703 1875 749 etc.

225 759 323 819 retur,
341 760 472 823 tropaeum
486 757 608 822 protinus
622 749 753 819 reterens,
768 752 891 823 etspolia
904 766 1027 809 eoruma
1117 752 1167 809 XX
1181 755 1230 827 (b).
1246 756 1323 813 —ln
1369 758 1478 828 pientia,
1498 756 1548 823 Qui
1561 758 1662 825 creauit,
1682 760 1778 830 inquit,
1792 762 1879 819 orbern
1998 760 1999 823 l

227 822 327 892 quibus
340 820 497 878 contristata
510 820 599 877 luerat
608 821 736 891 usquead
747 832 872 891 mortem,
884 832 945 893 post
954 837 1029 878 mor·
1081 841 1113 880 ea
1124 827 1230 881 marein
1243 827 1323 883 incisa
1338 836 1386 885 :et
1399 837 1502 897 contra,
1513 828 1576 899 quia
1590 845 1622 884 ec
1633 830 1880 904 nihiloloctiaumua
1998 828 1999 895 l

227 899 285 948 tem
296 892 353 965 jam
366 894 393 948 in
408 901 509 949 aeterno
527 892 625 964 gaudio
646 891 800 949 constituta.
826 893 916 949 Potest
940 901 969 950 et
993 894 1028 949 de
1082 893 1161 967 (Sep.
1175 913 1215 966 ιιι,
1231 898 1275 965 ia,
1290 908 1314 953 et
1328 916 1358 967 ιι,
1373 900 1413 970 ι).

227 969 287 1019 toto
308 964 417 1019 homine
438 963 568 1035 intelllgi;
591 964 653 1035 quia
672 962 719 1036 qui
740 974 877 1035 peccatum
891 964 1027 1033 nesciit,a
1117 966 1290 1025 Deumsimul
1304 970 1429 1027 conlusas
1442 970 1603 1027 substantias
1617 985 1740 1040 creasse,
1757 973 1880 1045 Scriptu—

273 1034 494 1160 egfigessarinon
507 1036 604 1105 potuit.
1081 1051 1170 1093 rarum
1196 1055 1291 1097 sensus
1316 1042 1449 1108 declarat,
1475 1040 1612 1113 permixtis
1633 1044 1725 1114 utique
1746 1046 1878 1103 leiiebris.

364 1102 778 1180 (a).—CurSalomonspiriurm
787 1106 925 1177 sapientia
935 1105 1028 1163 habuit
1081 1108 1344 1169 ilancconlusioncm
1353 1127 1452 1177 rernm,
1467 1113 1493 1168 id
1507 1121 1559 1177 est,
1571 1128 1644 1177 aera,
1657 1115 1757 1185 ignem,
1768 1132 1879 1188 aquam,
1998 1092 1999 1169 J

227 1174 282 1245 (ιιι
295 1174 361 1249 ileg.
376 1177 427 1248 ιιι),
441 1192 503 1233 cum
515 1176 598 1232 vitam
617 1176 746 1233 mundam
758 1192 811 1233 non
825 1176 1028 1233 habuitiralde
1082 1188 1199 1250 terram,
1215 1183 1356 1250 tenebras,
1378 1184 1517 1239 materiam
1538 1185 1605 1239 dixit
1625 1184 1753 1251 invisam,
1770 1188 1881 1243 sicutin
1998 1210 1999 1239 l

226 1247 300 1303 enim
321 1246 478 1305 mulieribus
491 1246 686 1317 delectabatur,
706 1263 739 1305 ac
756 1263 804 1320 per
828 1248 880 1305 hoc
900 1249 1028 1320 peccabat
1081 1250 1179 1309 Genesi
1195 1253 1312 1325 legitur:
1327 1252 1502 1309 Terinaeum
1517 1265 1580 1322 erat,
1597 1256 1693 1327 inquit,
1707 1256 1880 1315 irreisibiliset

225 1315 287 1389 (id.
301 1320 354 1389 xil.
1080 1323 1248 1451 incomposita
1259 1323 1335 1398 (Gen.
1348 1341 1368 1393 ι,
1383 1325 1423 1397 2).
1439 1326 1480 1381 Ex
1492 1326 1543 1382 bac
1556 1341 1620 1396 crgo
1632 1325 1791 1385 confusione
1802 1343 1880 1385 crea·

264 1389 382 1444 Primum
398 1388 493 1445 merito
516 1404 566 1445 suo
587 1389 689 1460 aceepit
709 1390 832 1473 spiritum
850 1389 1021 1461 prudentiae:
1081 1394 1119 1449 uit
1132 1410 1164 1451 or
1182 1411 1224 1451 em
1240 1396 1361 1452 instituto
1374 1396 1552 1462 firmamento,
1566 1405 1597 1452 ut
1611 1397 1679 1452 intra
1692 1398 1782 1468 ipsum
1802 1401 1880 1470 aquis

264 1468 321 1514 stea
331 1474 395 1516 vero
405 1474 485 1530 quarn
499 1459 656 1516 mulieribus
666 1462 779 1517 nimium
792 1462 931 1531 eoepituti,
942 1469 969 1517 et
979 1476 1028 1531 per
1081 1468 1250 1537 congregatis
1264 1467 1290 1522 in
1304 1482 1387 1523 unum
1402 1467 1530 1523 habitatio
1544 1468 1620 1525 lieret
1632 1469 1726 1539 generi
1744 1468 1877 1526 humano.

248 1544 281 1585 oc
327 1544 415 1597 ecare,
430 1529 455 1586 si
469 1528 697 1601 habuitspiritum
709 1532 862 1603 sapientiae,
878 1532 954 1602 regni
968 1547 1027 1587 me·
1081 1535 1218 1593 Distinctis
1237 1540 1308 1593 enim
1327 1547 1354 1594 et
1372 1537 1496 1595 diseretis
1517 1538 1683 1608 substantiis,
1704 1540 1733 1595 in
1753 1555 1877 1598 concavo

226 1600 282 1655 rito
315 1600 404 1727 ahazi:
418 1600 490 1656 sicut
502 1607 539 1727 etd
541 1600 790 1659 Nabuchodonosor
800 1602 876 1675 regni
889 1602 986 1659 merito
999 1601 1028 1657 in
1081 1604 1192 1664 domum
1204 1608 1376 1666 habitabilem
1387 1607 1460 1665 lecit.

228 1672 336 1729 camino
388 1671 483 1726 rislum
495 1672 521 1729 ui
541 1673 571 1727 it.
1125 1682 1127 1687 ’

260 1800 299 1867 (ιι)
312 1809 390 1855 neest
399 1802 425 1856 lu
435 1810 490 1857 uss.
499 1805 690 1873 pnmlgenerts
1123 1803 1137 1855 b
1158 1812 1234 1856 Deest
1244 1806 1271 1857 in
1284 1814 1338 1857 iim.
1352 1806 1423 1881 primi
1434 1808 1543 1869 generis.

738 2026 1353 2199 Quaestionum
1743 2186 1745 2189 ¹

1710 2162 1762 2200 ,ui
1803 2168 1828 2193 ‘¹7
1851 2166 1894 2215 ss}

342 2304 405 2383 „,
515 2230 641 2346 ux
662 2230 917 2347 novo
957 2232 1581 2350 resumunro

214 2432 220 2441 .
244 2392 279 2448 r·
315 2372 367 2468 ἰ,
913 2403 1003 2463 rins
1021 2403 1192 2464 succuba.

214 2494 248 2523 ‘⁹'
969 2545 1157 2604 asenec-a

1775 2378 1858 2411 *li

266 2677 394 2748 Qonsrio
417 2690 496 2735 raim
515 2675 567 2750 (a).
579 2705 616 2717 —
628 2674 760 2732 uarlacu
775 2683 803 2732 et
814 2676 884 2731 dieta
895 2673 1028 2731 dominica
1081 2673 1273 2802 {erectionis
1290 2674 1352 2756 quia
1374 2687 1410 2731 ex
1435 2674 1526 2758 multis
1545 2684 1573 2731 et
1599 2674 1711 2759 diversis
1729 2677 1882 2739 incarnatio

230 2759 348 2820 quatuor
361 2748 541 2805 voluminibus
554 2762 569 2802 a
583 2754 700 2819 quatuor
718 2746 894 2817 scriptoribus
914 2752 978 2802 sunt
999 2746 1027 2802 in
1095 2744 1181 2801 'irrisu
1201 2752 1339 2827 consistit,
1354 2752 1383 2799 ιιι
1401 2760 1462 2816 quia
1475 2761 1575 2830 cauno
1588 2746 1686 2805 diversi
1706 2762 1769 2807 esse
1789 2766 1881 2835 crepe·

230 2818 599 2963 ὃοἓιιζξιῖςΐιᾛιῗιιῗιῗιδιωιῖιιιιιιιιι
619 2889 725 2945 Domini
737 2888 944 2958 acceptabilem,
958 2887 1029 2945 sicut
1081 2814 1563 2958 ἒῖῃὲὲιιῗιῗιιιὲᾞῗΙιῗὲειιιθιοιιιξῃὲῖῃιὲιῖῗ]
1579 2818 1706 2960 ffeqrffa
1720 2820 1880 2947 ιῗιῗιιξυιῗῗιω

230 2961 295 3016 dicit
310 2963 438 3033 propbeta
453 2959 529 3034 (lari.
546 2977 599 3027 ixi,
615 2960 665 3032 2),
682 2976 698 3014 a
719 2969 833 3029 quatuor
847 2959 1028 3016 voluminibus
1081 2956 1166 3014 bitida
1181 2958 1240 3022 luit,
1253 2965 1282 3013 et
1293 2958 1428 3014 Bersabee
1441 2974 1474 3013 ei
1486 2975 1555 3016 mmo
1576 2976 1590 3014 a
1610 2959 1678 3015 lacta
1692 2976 1759 3018 uxor
1772 2974 1835 3030 est;
1850 2973 1878 3021 ut

229 3032 313 3087 veluti
331 3043 445 3103 quatum
463 3032 566 3088 uicibus
586 3031 727 3087 contineri.
752 3030 828 3086 Sicut
848 3030 919 3085 enim
938 3046 1026 3087 annus
1082 3030 1202 3085 omnium
1214 3044 1322 3087 carnem
1337 3027 1369 3083 ad
1385 3044 1413 3083 se
1426 3028 1545 3097 trahens,
1562 3030 1596 3085 ad
1611 3031 1739 3087 unitatem
1757 3032 1820 3090 illos
1834 3050 1878 3103 ge·

227 3112 345 3173 qnatimr
367 3104 532 3173 temporibus
555 3102 710 3168 evolvitur,
737 3101 772 3157 ita
796 3110 827 3158 ut
849 3100 964 3155 invicem
983 3102 1027 3157 sui
1083 3097 1470 3167 uuluamreroearetddcirco,
1483 3098 1876 3174 desudhrietiqiliiaitffluoid,

228 3182 342 3243 egeant;
354 3174 391 3229 ita
404 3183 432 3229 et
446 3182 520 3243 gesta
530 3184 557 3229 el
567 3172 638 3228 dieta
651 3172 757 3227 Domini
767 3171 965 3243 quatuoriibris
977 3171 1027 3227 de·
1082 3185 1142 3226 cum
1156 3170 1229 3241 prior
1246 3171 1282 3226 sit
1294 3170 1445 3237 Abraham
1461 3172 1523 3245 quin
1537 3172 1689 3243 specialiter
1701 3172 1827 3232 Christus
1838 3177 1878 3233 di·

230 3243 306 3298 iiirita
321 3253 394 3311 suot,
407 3245 441 3299 ita
452 3254 482 3299 ιιι
491 3245 558 3299 alter
567 3244 678 3298 alterius
691 3242 808 3313 indigeat
822 3258 829 3296 :
844 3243 1027 3297 simulantem
1082 3240 1150 3295 citor
1163 3240 1234 3297 lilius
1249 3240 1343 3308 David,
1358 3250 1467 3313 propter
1482 3258 1593 3313 regnum
1608 3260 1614 3296 :
1630 3252 1659 3299 ιιι
1673 3244 1742 3299 sicut
1756 3246 1831 3302 Deus
1844 3248 1877 3303 de

229 3314 397 3383 plenitudine
418 3314 534 3383 perlecta
553 3323 626 3369 suut
639 3312 675 3369 Ut
696 3321 786 3367 autem
800 3328 815 3366 a
828 3313 1027 3382 quatuorscri-
1082 3312 1149 3377 ileo,
1166 3311 1200 3366 ita
1213 3320 1241 3369 et
1253 3327 1298 3369 rex
1312 3310 1346 3367 de
1358 3328 1421 3383 rege
1432 3321 1519 3367 ortum
1534 3324 1640 3383 caperet
1657 3315 1733 3384 juxta
1754 3331 1875 3373 carnem.

229 3384 352 3453 pleribus
365 3382 568 3450 ordinarentur,
589 3386 646 3439 haec
658 3381 709 3439 luit
722 3397 820 3446 musa,
835 3391 867 3438 ιιι
880 3384 943 3453 quia
957 3392 1026 3439 tem·
1082 3380 1127 3437 Sic
1145 3382 1216 3437 enim
1231 3382 1330 3439 dictum
1347 3382 1433 3439 estad
1447 3382 1529 3438 David
1546 3402 1553 3439 z
1568 3383 1608 3438 De
1622 3386 1708 3454 fructu
1727 3390 1824 3443 cenans
1841 3390 1877 3445 tui

228 3468 327 3525 porum
349 3454 454 3510 diversa
471 3463 535 3511 sunt
554 3454 676 3519 nomina,
692 3453 899 3524 Euangeliorum
918 3468 1033 3525 quoquo
1082 3469 1177 3522 ponem
1190 3470 1267 3524 anper
1281 3454 1365 3509 sedem
1378 3463 1448 3507 tuens
1463 3451 1548 3525 (Peri.
1560 3470 1649 3521 cxxii,
1661 3452 1719 3529 ll).

228 3534 320 3581 essent
332 3524 439 3581 diversa
454 3524 592 3581 vocabula.
607 3524 642 3581 bit
654 3524 677 3579 si
689 3539 743 3596 qua
757 3524 883 3581 ridentur
897 3525 924 3579 iu
938 3526 1028 3581 verbis
1115 3522 1150 3579 lli
1160 3522 1210 3597 (a).
1230 3523 1344 3591 —Quid
1358 3533 1408 3589 cst,
1421 3533 1450 3579 ut
1471 3526 1655 3593 generationes
1676 3542 1774 3585 omnes
1785 3530 1812 3586 in
1823 3539 1875 3588 tres

229 3597 375 3664 contraria,
393 3610 475 3653 seusu
489 3604 578 3653 umen
591 3611 645 3651 non
658 3594 822 3666 discrepant,
835 3610 883 3666 per
895 3597 1026 3666 iuterpre-
1081 3602 1171 3665 partes
1205 3594 1335 3652 divideret
1369 3594 1537 3666 supradictus
1574 3596 1714 3655 biattliaeus
1740 3603 1877 3671 apostolus

229 3667 357 3724 tationem
371 3675 461 3738 aptam
474 3683 563 3724 masse
576 3684 584 3721 ι
597 3667 667 3723 sicot
679 3676 798 3737 tempora
813 3682 876 3723 eum
889 3666 1028 3724 rideantur
1082 3664 1189 3736 (daun.
1201 3681 1220 3732 r,
1232 3664 1288 3748 iil.
1366 3736 1372 3748 .
1392 3736 1398 3747 ·
1417 3736 1422 3747 Ι

228 3738 323 3808 utique
337 3738 443 3794 diversa
458 3740 581 3804 nomine,
605 3753 682 3802 aere,
705 3748 734 3794 et
748 3752 830 3793 eursu
852 3736 982 3803 siderum,
998 3738 1027 3795 in
1116 3734 1209 3791 Causa
1229 3734 1329 3792 iaciunt
1346 3736 1491 3793 divisiones
1510 3746 1537 3793 et
1558 3746 1690 3809 tempora.
1715 3740 1821 3799 idcirco
1843 3742 1876 3801 ab

226 3807 328 3866 ellectu
348 3818 437 3867 tamen
456 3824 622 3879 eonimquae
635 3809 780 3879 gignuntur
793 3823 848 3863 non
861 3808 1025 3879 discrepant.
1080 3806 1217 3863 Abraham
1231 3822 1317 3877 usque
1329 3805 1362 3862 ad
1380 3807 1463 3864 David
1477 3808 1606 3865 distinxit.
1618 3810 1706 3866 Prima
1722 3814 1795 3868 cuim
1832 3830 1873 3870 ·rs

268 3880 291 3935 ιι
302 3881 352 3955 (b).
366 3909 402 3921 -
417 3878 548 3948 Quoniam
561 3888 666 3935 constat
678 3888 793 3949 quatuor
805 3878 888 3935 libros
899 3880 950 3935 rite
962 3893 1028 3935 con·
1080 3890 1168 3933 causac
1181 3878 1355 3935 abhbraham
1364 3892 1448 3948 usqne
1459 3879 1493 3935 ad
1506 3880 1587 3937 David
1597 3891 1639 3936 est
1648 3898 1655 3948 ;
1665 3883 1728 3953 quia
1739 3884 1814 3941 libra
1834 3902 1875 3941 am

229 3952 344 4022 scriptos
353 3964 492 4023 gestorum
503 3960 531 4009 et
541 3949 674 4009 dictorum
686 3950 803 4019 llomini,
818 3949 957 4007 sciendum
965 3952 1026 4021 quis
1081 3956 1158 4017 pater
1172 3948 1234 4005 iidei
1248 3958 1299 4018 est,
1314 3959 1342 4005 et
1356 3950 1439 4005 llarid
1458 3960 1532 4019 pater
1545 3953 1630 4021 regni.
1650 3954 1715 4009 Saul
1734 3956 1810 4010 eninr
1832 3958 1872 4012 ln-

229 4019 296 4076 ordo
308 4037 401 4078 corum
415 4026 460 4077 sit.
1080 4018 1177 4089 dignus
1190 4019 1309 4086 allectus,
1322 4020 1439 4091 seipsum
1450 4037 1532 4093 regno
1546 4024 1667 4091 privavit.
1682 4023 1798 4081 Allnvid
1812 4043 1873 4083 uero

266 4092 441 4163 Esarrgeiium
451 4092 619 4149 ordinatione
629 4092 763 4163 colligitur
774 4092 946 4163 magisquam
957 4100 1026 4148 tem·
1079 4090 1216 4161 usquead
1239 4092 1499 4162 transmigrationem
1520 4094 1572 4151 alia
1591 4107 1654 4164 pars
1666 4110 1766 4163 causac,
1784 4098 1811 4152 in
1825 4114 1874 4169 qna

230 4176 306 4243 pore.
325 4161 466 4218 iiattbaens
488 4178 552 4234 ergo
574 4165 677 4233 primus
697 4163 836 4233 ponendus
847 4174 903 4226 est,
916 4163 978 4233 quia
990 4162 1025 4218 ab
1080 4174 1192 4232 reguum
1206 4161 1353 4217 amiserunt
1365 4161 1427 4217 lacti
1438 4163 1545 4233 reprobi
1559 4164 1653 4219 iudai.
1669 4166 1733 4221 Post
1746 4170 1873 4225 transmi-

230 4246 290 4301 rpsa
305 4232 483 4301 promissione
494 4235 607 4303 sumpsit
616 4233 731 4299 initium,
740 4233 767 4288 ld
778 4243 820 4289 est
832 4234 867 4289 ab
878 4233 1023 4299 Abraham,
1078 4234 1226 4302 grationem
1240 4240 1327 4287 autem
1341 4232 1484 4305 Rabylonis
1497 4249 1581 4305 usque
1594 4234 1627 4290 ad
1642 4236 1779 4294 Christum
1800 4240 1874 4296 tertia

230 4302 276 4357 cui
295 4302 365 4357 laeta
384 4304 527 4373 promissio
542 4312 584 4358 est
604 4304 794 4358 incarnationis
812 4304 918 4359 Domini
940 4304 1026 4359 nostri
1079 4316 1142 4373 pars
1162 4302 1705 4375 lamentationisetmiserine,captirltatis
1724 4319 1751 4364 et
1772 4309 1875 4381 disper-

229 4369 295 4429 iesu
313 4372 421 4431 Christi.
441 4374 505 4429 Post
523 4372 596 4429 hune
611 4372 713 4440 Lucas,
734 4375 798 4443 qnia
815 4374 1025 4431 incarnationem
1080 4374 1164 4429 sionis
1183 4373 1289 4429 illorum
1308 4392 1314 4428 :
1330 4374 1392 4444 quia
1407 4375 1529 4444 quamvis
1541 4386 1601 4446 post
1614 4379 1874 4449 transmigrationem

230 4443 300 4501 lianc
312 4444 446 4515 quomodo
460 4445 528 4499 lacta
541 4452 596 4509 est,
610 4452 712 4499 narrat.
726 4444 831 4501 Tertius
849 4446 963 4511 blancos,
980 4445 1026 4515 qui
1079 4442 1222 4516 Babylonis
1241 4453 1268 4500 et
1282 4444 1447 4517 septuaginta
1459 4460 1590 4503 annorum
1606 4457 1720 4519 tempus,
1735 4452 1845 4520 quando
1859 4467 1875 4506 a

229 4514 404 4587 Euangelium
418 4515 490 4587 quod
508 4514 681 4585 predicatum
693 4515 898 4584 estaiibristo,
913 4525 1026 4572 testatur
1078 4510 1148 4584 Cyro
1170 4515 1272 4571 dimissi
1291 4518 1391 4573 reversi
1411 4526 1474 4573 sunt
1493 4516 1527 4573 ad
1541 4532 1601 4587 sua,
1625 4534 1761 4591 uunquam
1785 4530 1873 4578 tamen

230 4583 259 4641 in
279 4586 350 4658 Lege
368 4587 540 4657 promissum.
565 4584 680 4653 Quartus
696 4595 786 4642 autern
806 4587 940 4653 ioannes,
962 4587 1025 4656 quia
1078 4598 1186 4642 causam
1202 4586 1211 4619 ¹
1226 4587 1268 4642 rel
1279 4588 1399 4657 requiem
1413 4584 1573 4643 habuerunt.
1590 4588 1681 4662 Neque
1695 4590 1767 4647 enlm
1780 4600 1873 4664 postea

229 4656 364 4727 huncqui
385 4658 534 4726 promissus
549 4666 590 4713 est
610 4655 725 4712 Abrabae
753 4658 939 4723 incarnandus,
962 4668 989 4712 et
1010 4672 1025 4711 a
1079 4652 1170 4711 Judma
1186 4672 1298 4728 regnare
1313 4658 1413 4727 potuit,
1431 4657 1480 4713 sed
1494 4659 1601 4715 solliciti
1616 4676 1724 4732 semper
1737 4672 1765 4717 et
1778 4680 1875 4733 perra·

229 4727 302 4785 Luca
315 4728 541 4799 quemadmodum
557 4728 710 4783 incarnatus
722 4737 764 4785 est
781 4728 948 4795 dictumest,
964 4736 992 4783 et
1009 4743 1025 4783 a
1078 4737 1173 4796 gantas
1186 4726 1302 4784 luerunt.
1315 4728 1381 4783 Nam
1391 4728 1610 4801 utiquetempore
1619 4733 1766 4789 nativitatis
1776 4734 1874 4791 Christi

229 4798 318 4855 blarco
333 4801 508 4872 Evangelium
521 4798 580 4870 eius
587 4798 664 4867 juxta
677 4798 772 4855 isaiam
786 4801 942 4871 prophetam
953 4814 1025 4870 prae-
1079 4798 1174 4868 captivi
1190 4796 1307 4863 lumniit,
1330 4799 1450 4856 dieentes
1465 4818 1471 4854 :
1488 4798 1565 4865 Nee,
1584 4818 1635 4858 nott
1657 4803 1778 4860 habemur
1791 4822 1876 4879 repere

228 4869 496 4926 dicammostensnm
508 4878 595 4937 est,a
631 4879 672 4925 rta
682 4885 749 4927 uoce
758 4872 874 4929 ostendit
885 4871 968 4927 ileum
982 4868 1025 4924 di·
1078 4866 1497 4943 nisidoesorero(doarr.xrx,lii).
1511 4872 1876 4943 llacergocnusallattbaeus

228 4955 305 5008 cens,
319 4938 354 4996 Ιιι
370 4941 563 5013 principioernt
604 4942 702 5008 erbum,
717 4949 741 4994 et
760 4940 869 4997 Verbum
886 4949 940 4997 erat
953 4940 1025 5013 opud
1078 4946 1133 4995 tres
1146 4939 1244 5010 gradus
1255 4938 1320 4997 feeit
1335 4942 1526 5013 generationis,
1537 4952 1568 4999 ut
1579 4946 1659 5000 etiam
1674 4946 1835 5003 meritorum
1849 4958 1877 5003 et

229 5010 323 5076 dieunt,
337 5020 362 5067 et
376 5012 446 5067 Deus
457 5021 512 5066 erut
527 5010 637 5067 Veliam
647 5010 741 5084 (doen.
752 5028 772 5077 ι,
785 5012 825 5082 l).
1078 5024 1217 5067 caiisarum
1230 5012 1392 5071 mutationes
1403 5012 1559 5070 ostenderet
1575 5030 1591 5071 a
1611 5016 1790 5085 promissione
1808 5019 1875 5075 iacta

266 5081 300 5137 ιιι
309 5082 356 5154 (e).
370 5081 506 5149 -Quore
521 5082 659 5138 biatthmtu
673 5082 844 5151 Evangelium
858 5080 959 5138 Christi
977 5082 1025 5138 de·
1077 5096 1162 5151 usque
1180 5081 1214 5137 ad
1228 5081 1374 5151 Christum,
1397 5085 1459 5139 anni
1483 5094 1571 5141 autem
1590 5093 1711 5159 tempora
1735 5104 1822 5160 usque
1843 5089 1877 5144 ad

227 5154 350 5209 scribens
374 5152 454 5221 dicit,
483 5151 559 5207 Liber
583 5153 752 5225 generationis
781 5150 958 5225 iesullihristi
976 5154 1026 5223 filii
1077 5150 1158 5207 linem
1174 5152 1200 5207 in
1214 5168 1296 5209 unam
1308 5154 1421 5224 gratiam
1439 5169 1607 5224 permanere.

228 5222 313 5279 Dauid
326 5222 433 5293 (iiattb.
448 5239 468 5289 ι,
480 5220 524 5297 ι);
539 5238 600 5279 cum
611 5224 684 5295 prior
698 5224 734 5279 sit
750 5223 906 5280 Abraham?
1114 5220 1136 5271 V
1154 5221 1202 5295 (ι).
1217 5222 1353 5291 —Quare
1370 5238 1430 5279 cum
1438 5226 1613 5309 quadraginta
1626 5235 1712 5283 etune
1728 5231 1783 5285 sint
1796 5246 1879 5301 getic-
1998 5238 1999 5289 l

265 5294 410 5365 Propterea
420 5294 460 5351 sic
475 5295 566 5365 clepit,
581 5303 612 5350 ut
622 5295 738 5365 priusde
750 5294 808 5366 ipso
820 5295 921 5350 diceret
934 5310 950 5349 a
962 5310 1023 5365 pro·
1077 5292 1210 5377 rationes,
1231 5294 1398 5365 Evangelista
1427 5296 1602 5420 quadraginta
1627 5297 1693 5355 duas
1720 5316 1879 5357 numerasse

228 5366 358 5422 missione
371 5364 565 5422 incarnationis
578 5367 637 5437 eius
650 5366 832 5439 genealogiam
849 5364 1021 5435 describens,
1078 5364 1184 5420 videtur
1203 5363 1315 5437 (Μαιιιι.
1331 5382 1358 5433 ι,
1378 5363 1423 5437 ιι)

228 5436 300 5493 sieut
313 5435 378 5492 dicit
389 5436 545 5507 Apostolus,
561 5436 674 5503 Quorum
684 5448 768 5508 putres
779 5447 803 5492 et
813 5436 941 5509 aquibus
949 5434 1024 5493 Chri-
1077 5436 1194 5504 iaciunt,
1209 5437 1259 5493 nisi
1273 5437 1446 5510 quadraginta
1459 5437 1532 5495 duol

229 5518 283 5564 etur
298 5507 436 5563 κιιιιιιιιιιιι
453 5523 556 5563 emnem
569 5506 656 5581 (Rom.
668 5523 704 5578 ιι,
721 5508 758 5581 5).
776 5508 840 5566 ideo
854 5508 930 5577 dixit,
949 5508 1024 5565 Liber

220 5588 226 5608 ι
270 5653 707 5723 αιιοιιιιιιιιιι.ιιιιιιιιεοιιιιιι.,
812 5698 817 5706 .
1108 5594 1877 5734 ΙἪΨΗΒΒΨὼΜΜΕΙΜΜ

259 5654 381 5842 ἥξω
391 5720 417 5793 qu
429 5718 515 5793 qnggm
524 5726 579 5771 ις,
1075 5670 1144 5846 Ἤ
1155 5725 1230 5770 Deest
1238 5721 1266 5795 iu
1275 5727 1329 5772 lass.
1341 5734 1411 5784 primi
1421 5728 1531 5787 generis.

265 5777 290 5842 [e
312 5780 589 5839 usestmrlademiias.
1118 5780 1423 5859 bbeestmusdnmitss.

901 5899 954 5915 ιι*

1114 5980 1119 5993 Ι

1113 1741 1150 1857 (αξ
1161 1744 1269 1794 flabetiu
1280 1754 1355 1807 supra
1365 1745 1430 1795 inter
1440 1746 1518 1807 primo
1529 1742 1649 1809 vulgatas,
1658 1742 1729 1808 iuxta
1737 1748 1830 1809 qum.
1841 1744 1882 1797 5⁰.

1459 5366 1512 5422 Ter
1524 5368 1596 5425 enim
1609 5370 1823 5441 quatuordecim,
1832 5372 1879 5445 qui
1998 5354 1999 5429 l
