4000 6359
227 280 296 363 ra'rs
631 288 880 377 Δριεειιιιιιιιι
898 253 1178 350 ειιρειιιειιριι,
1198 281 1227 339 s.
1247 268 1429 342 rucesuru
1784 274 1855 337 asso

227 422 312 476 lerum
327 416 393 473 fucis
403 414 516 473 bumana
531 424 642 483 carpere
654 411 802 468 variantem
817 414 896 475 atque
922 414 1014 457 macn-
1066 404 1093 451 ct
1105 395 1281 471 eleemosynas
1294 398 1352 469 eius
1368 407 1501 470 acceptae,
1521 406 1550 455 et
1566 411 1659 468 preces
1678 396 1736 469 ejus
1758 398 1856 455 audita

228 515 337 569 fantem.
351 510 382 565 lli
406 519 493 563 autem
509 516 562 561 taur
577 502 675 559 ritaudi
700 510 761 557 suru
782 498 921 564 Ecclesiae,
940 502 969 551 ut
991 492 1016 549 sl
1067 488 1105 543 illi
1119 488 1154 544 ab
1171 490 1267 563 angelo
1293 491 1457 562 uurttieutur,
1485 501 1593 565 propter
1610 492 1740 549 doctrinae
1765 498 1854 549 ῑειιιειι

230 606 285 662 fteri
300 588 397 675 potent,
407 600 614 671 longiusrcruou
630 609 725 667 magun
743 592 859 647 clamore
882 588 1015 643 Christum
1066 569 1349 655 Sacraruentortrmque
1363 582 1490 637 unitatem
1505 583 1538 637 ad
1553 583 1660 637 Petrum
1671 580 1780 653 jubetur
1794 584 1857 646 mit·

229 692 401 767 interpellent
416 709 422 745 :
437 690 506 745 sictut
517 688 559 743 isti
573 686 663 742 decem
677 691 824 739 steteruuto
840 680 922 750 torpe,
938 686 961 732 et
976 675 1015 731 ie·
1068 679 1135 735 tere,
1146 680 1270 742 tauquam
1285 671 1322 727 illi
1335 681 1363 728 et
1373 672 1428 727 suis
1441 672 1583 739 diceretur,
1597 671 1653 738 lte,
1666 673 1789 730 ostendite
1812 690 1857 730 aot

228 792 346 843 paperem
368 792 469 849 neceru,
484 779 594 833 dictatur
616 773 706 831 :lesu
730 780 877 845 preceptor,
902 769 1018 823 irrisero-e
1067 762 1248 818 wcerderilrns.
1263 762 1329 819 llam
1342 771 1442 821 etcum
1454 763 1543 831 ireut,
1559 764 1678 821 urnudati
1698 775 1770 821 suut.
1795 763 1856 821 lant

230 878 319 935 nostri
333 875 399 932 uam
410 882 437 931 ot
455 870 524 947 quod
548 878 738 941 praeceptorem
754 871 864 929 nocant,
889 876 941 933 qtae
965 874 1017 916 uo-

230 972 302 1028 utine
316 969 406 1025 neseio
416 974 503 1027 utrum
514 963 652 1037 quisquam
663 958 801 1015 Dominum
810 954 1019 1025 interpellaverit

231 1075 280 1131 pro
293 1058 423 1117 medicina
433 1052 576 1125 corporali,
591 1050 655 1107 satis
674 1060 737 1120 ριιιο
756 1046 904 1119 siguificare
917 1043 1017 1113 lepram

230 1151 323 1205 falsam
341 1144 571 1211 esseductriuam,
591 1156 670 1214 quam
690 1138 776 1195 lrortus
797 1144 944 1209 preceptor
958 1133 1019 1188 abs·

231 1240 320 1312 tergit.

265 1330 446 1389 &cordolium
469 1343 531 1383 tero
555 1324 705 1383 iudaeorum
725 1336 803 1378 nemo
824 1320 879 1377 fere
904 1319 1019 1375 fidelium

233 1422 336 1478 dtrbitat
352 1420 460 1493 figtrraur
474 1416 556 1473 fuisso
571 1416 650 1472 lrumi
665 1414 805 1471 sacerdotii
819 1413 933 1483 regalis,
949 1409 1021 1483 uuotl

232 1522 273 1569 est
286 1512 311 1567 in
328 1511 463 1577 Ecclesia,
479 1524 531 1580 quo
545 1516 732 1567 eortsotrautur
746 1518 839 1561 earnes
857 1504 1021 1574 pertinentes

232 1603 265 1657 ad
279 1616 374 1671 cerpus
384 1597 497 1663 Christi,
510 1596 606 1653 sarrrrmi
629 1605 657 1651 et
672 1594 727 1649 acri
751 1594 876 1666 principis
897 1592 1022 1649 sacerdo·

232 1700 299 1749 tum.
315 1690 380 1747 liam
392 1704 461 1745 nuuc
471 1696 600 1745 etomues
612 1696 756 1758 unguntur,
772 1683 842 1756 quod
863 1693 927 1739 tuuc
949 1682 1021 1755 regi·

143 1804 148 1814 ’
232 1784 283 1839 bus
294 1790 395 1839 tanturn
407 1790 434 1837 et
446 1778 626 1836 sacerdotibus
642 1778 717 1833 ftcbal
731 1794 738 1831 ε
753 1784 779 1833 ει
791 1774 860 1846 quod
880 1774 916 1829 ait
929 1772 1022 1829 l'etrus

233 1873 268 1930 ad
296 1873 467 1929 christianum
489 1870 615 1942 populum
633 1868 768 1933 scribens,
790 1864 885 1939 diepale
905 1864 1023 1920 socerdo-

233 1963 332 2037 tituil
348 1962 420 2019 Patr.
436 1960 508 2034 ιι,9);
524 1969 664 2031 utrumque
678 1972 774 2014 uotueu
786 1958 822 2011 illl
843 1956 939 2027 populo
960 1970 1024 2011 cou-

234 2056 325 2112 reuiro
338 2054 493 2122 declararit,
507 2067 561 2125 quo
576 2052 620 2107 illa
634 2051 724 2107 unctio
743 2048 898 2123 pertinebat.
921 2046 1024 2103 Caetera

235 2146 324 2221 ltaque
337 2149 400 2204 uitia
412 2157 535 2217 tanquam
546 2145 702 2201 ualetudinis
715 2151 741 2199 et
751 2143 825 2215 qrrasi
843 2142 1024 2219 rrtetrrbrornm

234 2238 330 2292 animae
340 2244 418 2307 atquae
430 2251 570 2301 sensuum,
596 2250 642 2305 per
657 2235 771 2305 seipsum
782 2234 892 2289 interius
914 2232 940 2287 in
959 2246 1025 2287 cun-

234 2326 346 2383 seieutla
360 2334 387 2382 et
399 2326 533 2381 intellectu
552 2324 679 2380 liuminus
694 2332 769 2379 serrat
781 2331 808 2380 ct
825 2324 934 2393 corrigit
949 2339 956 2376 ι
975 2322 1026 2377 do-

234 2419 320 2476 ctriua
329 2434 394 2475 reru
406 2419 449 2474 rel
464 2417 597 2474 imbuendi
610 2432 658 2487 per
669 2418 848 2483 Sacramenta,
859 2418 899 2473 uel
908 2412 1025 2471 cateelri·

236 2508 314 2565 aaudi
326 2524 373 2580 per
385 2522 535 2565 senrrouem
551 2516 689 2564 souautem
700 2516 778 2581 atque
796 2508 955 2572 lectionem,
980 2504 1027 2561 ubi

236 2602 312 2657 color
325 2603 431 2672 quidam
446 2602 601 2672 intelligitur
615 2611 785 2673 necarentque
806 2602 940 2665 sincerus,
965 2600 1026 2672 qrria

236 2693 396 2764 inpromptu
411 2700 452 2751 est
471 2702 498 2749 ct
511 2693 576 2749 foris
590 2693 812 2749 eminentissimus
827 2692 893 2765 (nou
913 2692 982 2748 errius
1000 2692 1026 2747 lu

235 2784 345 2842 occultis
359 2786 570 2857 cogitationibus,
585 2784 631 2841 sod
647 2786 673 2841 in
696 2783 842 2841 manifestis
866 2783 1028 2857 operationi-

235 2874 294 2931 ltns'
306 2875 364 2930 haec
381 2874 515 2947 aguntur).
536 2874 661 2931 Ecclesiae
683 2876 788 2945 proprie
808 2876 956 2930 contributa
976 2883 1027 2930 est.

236 2966 329 3035 ltaque
341 2974 368 3021 ct
382 2964 480 3021 Paulus
491 2980 556 3021 uoce
567 2965 670 3020 Domini
684 2966 782 3029 credita,
798 2964 864 3031 Qrtid
879 2981 917 3019 ute
943 2982 1028 3024 ort-se·

238 3056 403 3128 quantist,
424 3054 479 3129 Epo
498 3071 553 3110 tum
567 3054 657 3123 desua,
678 3072 749 3127 quem
764 3066 790 3109 tu
804 3057 971 3126 persequens·
995 3054 1029 3111 ad

238 3147 368 3201 neoniam
380 3150 469 3201 tamen
484 3144 580 3199 missus
593 3154 644 3212 est,
656 3153 685 3199 ut
699 3144 744 3199 illo
756 3145 903 3199 sacerdotio
919 3146 988 3215 praed
1001 3160 1029 3201 ru

238 3236 356 3293 Ecclesia
366 3236 538 3293 constitutum
549 3242 600 3302 est,
615 3244 810 3290 sacramentum
825 3235 953 3290 doctrinae
968 3235 1030 3291 frtlei

238 3328 398 3398 perciperet,
409 3333 436 3381 et
449 3340 526 3381 verus
535 3325 592 3397 ejus
605 3324 796 3396 approbaretur
809 3324 882 3381 color
900 3326 910 3399 f
918 3325 973 3380 det.
991 3342 1028 3394 rx,

239 3418 327 3491 4-19).
353 3418 411 3475 Νοιι
433 3417 494 3490 quia
514 3434 567 3472 unu
588 3428 676 3489 potest
694 3432 742 3488 pcr
760 3417 876 3488 seipsum
903 3406 1030 3475 ltomiuus

240 3512 330 3567 omnia
342 3508 450 3577 facere;
464 3524 524 3563 nam
537 3508 677 3579 quisalius
691 3508 747 3563 bate
761 3508 822 3564 iacit
832 3510 910 3564 etiam
932 3511 957 3563 iu
976 3510 1030 3565 Ee·

241 3602 342 3660 elesial
356 3600 402 3659 sed
416 3609 444 3657 ut
465 3600 522 3671 ipsa
535 3602 649 3656 societas
663 3610 880 3673 congregatorum
900 3600 1028 3670 fidelium,

241 3691 412 3764 approbando
434 3691 461 3745 iu
482 3690 595 3747 tutricem
614 3698 693 3760 atrpue
718 3691 937 3747 communicando
959 3708 1031 3747 veras

241 3785 302 3842 fidei
316 3784 464 3842 doctrinam
477 3784 503 3838 in
518 3782 640 3839 omnibus
649 3798 709 3854 que
723 3783 845 3839 dicuutur
861 3786 964 3853 uerbis,
987 3785 1030 3840 vel

243 3876 382 3949 signantur
392 3874 581 3939 sacramentis,
598 3880 722 3942 tarrptram
739 3890 817 3928 utram
836 3876 951 3945 speciem
974 3877 1031 3933 reri

243 3968 344 4025 eoloris
354 3966 478 4021 obducat.
493 3964 532 4019 td
548 3964 683 4021 inaceriam
694 3966 809 4035 pertinet
821 3966 890 4038 quod
906 3966 975 4022 idem
989 3968 1031 4023 di-

244 4056 447 4129 eitapostolusa
465 4074 475 4108 ι
490 4053 591 4111 Deinde
607 4064 666 4126 post
678 4048 761 4111 aranos
775 4058 972 4127 quatuordecim
986 4075 1032 4115 as·

245 4148 322 4204 uendi
334 4146 526 4215 lerosolymam
539 4160 598 4201 cum
613 4142 743 4211 barnaba
756 4155 892 4217 assumpto
913 4156 941 4205 et
960 4146 1031 4204 Tito.

244 4241 359 4299 Ascendi
372 4248 460 4296 autem
479 4238 624 4295 secundnm
646 4239 853 4307 revelationem
874 4248 901 4297 ct
923 4242 1033 4313 exposui

244 4332 285 4390 els
297 4331 468 4403 Euangelium
485 4328 556 4401 quod
578 4327 692 4401 praedico
710 4330 736 4385 iu
755 4332 894 4402 gentibus,
911 4348 1033 4391 seorsum

245 4431 333 4480 autem
347 4422 379 4479 iis
392 4421 436 4493 qui
449 4420 606 4478 uidebantur
618 4420 627 4452 ¹
640 4436 647 4473 :
660 4436 694 4478 ne
705 4420 773 4478 forte
784 4421 810 4478 iu
821 4438 931 4479 uacuum
942 4438 1032 4493 curro,

246 4520 293 4570 aut
306 4512 436 4569 cucurrit
452 4511 487 4567 Et
507 4511 661 4584 paulopost
679 4528 686 4567 :
711 4530 721 4565 ι
737 4511 802 4568 Cum
828 4514 1032 4585 cognovissent,

246 4606 344 4676 inquit,
358 4604 467 4675 gratiam
481 4616 540 4674 quae
553 4601 613 4659 data
628 4613 669 4658 cst
679 4602 742 4659 milti
757 4602 886 4675 lacobus,
901 4604 995 4661 Petrus
1007 4615 1035 4663 et

246 4696 372 4763 loannes,
387 4695 431 4766 qul
442 4694 602 4752 ridebantur
615 4694 745 4750 columnae
761 4710 832 4759 osse,
846 4696 971 4754 dexteras
984 4698 1035 4755 de·

246 4786 342 4843 derunt
353 4784 416 4841 milti
428 4792 454 4841 et
467 4782 595 4841 barnabae
604 4784 738 4840 societatis
748 4784 846 4857 (Galat.
858 4800 887 4854 u,
904 4785 930 4855 l,
952 4787 980 4855 Ξ,
994 4787 1034 4860 9).

246 4878 305 4955 lpse
318 4878 389 4934 enlm
403 4876 510 4933 collatio
528 4892 606 4931 unam
633 4875 762 4934 doctrinae
780 4880 896 4949 speciem
924 4882 1035 4940 exclusa

247 4971 320 5026 omui
339 4970 467 5025 varietate
488 4968 653 5025 monstrabat
673 4986 679 5023 :
703 4970 773 5041 qarod
793 4970 934 5027 salubriter
952 4974 1033 5029 etiam

248 5059 400 5118 Corinthios
436 5067 543 5127 renuet,
576 5058 684 5127 diceus,
722 5056 828 5117 Obsecro
857 5072 941 5116 otttem
975 5080 1035 5131 tros,

247 5152 349 5223 fratrea
365 5166 416 5224 per·
429 5166 521 5206 nomeu
541 5148 643 5205 Domini
657 5152 736 5207 nostri
755 5152 817 5209 feru
832 5152 942 5223 Curiati,
956 5164 981 5209 ut
994 5154 1034 5210 iri-

247 5242 331 5315 ipttutt
343 5242 436 5297 dicetis
445 5257 530 5297 otnrtea
540 5240 561 5315 (l
570 5238 629 5297 Gor.
643 5239 725 5315 nid).
734 5244 871 5299 Cornelius
884 5246 964 5302 etiam
974 5264 1035 5304 cum

279 5376 288 5409 ¹
301 5374 369 5438 adid,
386 5372 525 5428 desim
543 5350 594 5437 rufe
604 5371 704 5439 aliqud
720 5381 774 5427 uss.
789 5382 905 5440 quatum,
916 5376 1036 5430 videatne

247 5438 406 5499 cuicedine,
417 5434 456 5495 elii
491 5448 506 5487 ε
523 5440 664 5489 elissaee
674 5436 773 5498 εεὰιιιιι,
791 5436 963 5502 εεεεαίίριίάι
989 5442 1037 5492 uod

247 5500 322 5551 etiem
340 5500 371 5549 dr
385 5500 434 5549 euti
503 5498 689 5549 corbeiensibus
704 5499 821 5549 versionis
836 5500 943 5562 vulgata
957 5501 980 5549 ul
991 5500 1038 5553 liis

247 5563 336 5621 abusu
346 5572 428 5625 neque
436 5559 461 5609 in
472 5571 553 5623 praem
563 5558 748 5622 textutpostoll
757 5568 795 5611 est
804 5559 859 5619 atsi,
872 5560 920 5613 tois
928 5560 1037 5627 domun

248 5622 272 5674 td
284 5627 331 5681 est,
340 5620 410 5686 iuxta
422 5620 545 5683 augustini
554 5620 731 5684 expositionem
746 5621 771 5673 in
781 5620 885 5685 Epistola
895 5622 1037 5688 adtulatas,

249 5678 637 5743 citnuteminebantlntcolesia.
915 5728 919 5736 .

1068 855 1139 911 euim
1150 854 1183 911 ad
1198 870 1245 912 cos
1257 864 1366 912 uenerat
1381 855 1486 923 Petrus,
1498 854 1545 913 sed
1561 865 1649 912 nmen
1669 856 1718 927 ipsi
1738 855 1856 913 nondum

1069 956 1178 1017 accepto
1187 944 1357 1019 baptismatis
1368 956 1543 1013 sacranteuto,
1559 947 1675 1004 nondum
1683 948 1858 1019 spiritualiter

1069 1036 1103 1093 ad
1117 1038 1268 1093 sacerdotes
1280 1047 1474 1109 perterrerarrt3
1489 1046 1517 1113 et
1536 1047 1624 1094 umen
1643 1038 1780 1115 inlusione
1796 1038 1858 1110 Spi-

1070 1128 1137 1183 ritus
1150 1129 1248 1195 saucti,
1261 1136 1289 1186 et
1300 1127 1474 1185 admiratione
1496 1129 1643 1201 linguarum
1659 1144 1755 1186 εοιιιιιι
1779 1146 1858 1186 utun·

1070 1218 1142 1274 datio
1154 1218 1287 1274 declarata
1298 1230 1338 1276 est
1351 1219 1419 1292 (dot.
1433 1237 1461 1287 x,
1475 1220 1534 1293 li).

1105 1310 1240 1378 Quacum
1255 1310 1331 1367 itase
1344 1312 1468 1380 babeant,
1481 1311 1537 1383 jam
1547 1312 1675 1370 iacileest
1694 1312 1773 1369 ettam
1792 1312 1860 1371 illud

1072 1400 1171 1468 ridere,
1189 1402 1245 1457 freri
1259 1410 1378 1472 possent
1396 1402 1508 1475 utrisque
1530 1402 1558 1459 in
1580 1403 1705 1461 Ecclesia
1732 1404 1862 1462 socieute

1072 1494 1219 1551 doctrinam
1234 1496 1363 1566 integram
1376 1511 1519 1568 veramque
1536 1507 1700 1569 amcqrutur,
1716 1504 1744 1555 et
1769 1498 1859 1554 omnia

1072 1584 1562 1659 secuudumcatbolicelideiregulam
1582 1587 1740 1655 edisserat¹,
1766 1586 1861 1645 distiu·

1071 1690 1133 1751 guar
1149 1696 1163 1735 a
1183 1679 1309 1736 creatore
1325 1690 1492 1749 creaturam,
1507 1694 1593 1751 eoque
1612 1679 1795 1737 manifestetur
1815 1694 1863 1735 ra·

1072 1772 1167 1827 rietate
1179 1770 1377 1827 mendaciorum
1393 1779 1517 1841 uuquam
1529 1771 1604 1843 lepra
1619 1773 1737 1828 caruisse
1754 1789 1761 1827 ε
1775 1781 1805 1827 ει
1818 1779 1861 1828 ta·

1074 1873 1136 1918 tneu
1152 1862 1269 1933 ingratus
1281 1862 1317 1918 sit
1328 1864 1385 1918 Deo
1398 1871 1425 1918 ct
1436 1861 1548 1918 Donriuo
1559 1862 1708 1919 nrurrdatori
1720 1842 1791 1931 suo;⁸
1800 1864 1863 1935 quia

1074 1954 1160 2010 elatus
1174 1954 1306 2023 superbia,
1321 1954 1465 2025 gratiarum
1478 1954 1638 2025 agendarum
1656 1956 1698 2027 pia
1715 1956 1865 2012 inutilitate

1076 2060 1128 2100 uou
1142 2044 1277 2111 sternitur,
1290 2046 1435 2116 similisque
1447 2045 1562 2102 efficitur
1571 2048 1622 2102 illis
1635 2046 1669 2103 de
1686 2048 1782 2119 qttibus
1797 2047 1866 2104 dicit

1075 2138 1229 2208 Apostolus,
1245 2135 1363 2203 Quicum
1377 2132 1650 2210 cognouisserttDeum,
1663 2156 1714 2194 nou
1734 2149 1763 2195 ut
1782 2140 1865 2195 deerat
1912 2178 1916 2186 -

1076 2230 1318 2303 oropuificooerunt,
1333 2240 1378 2285 aut
1398 2232 1492 2301 gratim
1513 2241 1616 2304 eperunt
1642 2232 1735 2303 (ilem.
1762 2249 1789 2302 t,
1804 2233 1865 2305 tt).

1076 2321 1153 2389 Quod
1166 2323 1237 2379 enirn
1250 2322 1314 2377 dicit
1324 2337 1371 2379 eos
1383 2322 1467 2379 Dentur
1480 2324 1636 2396 cognovisse
1648 2364 1656 2391 ,
1670 2324 1786 2381 ostendit
1803 2325 1866 2397 qui-

1077 2413 1137 2469 dem
1152 2413 1252 2484 alepra
1266 2414 1349 2471 fuisse
1359 2414 1509 2483 uruudatus,
1523 2416 1663 2471 sedtameu
1677 2418 1768 2474 statim
1784 2433 1866 2478 accu-

1077 2513 1119 2561 sat
1131 2502 1259 2576 ingratos.
1274 2504 1387 2577 ideoque
1397 2506 1465 2561 tales
1477 2507 1503 2563 iu
1522 2508 1665 2563 ruoreuario
1677 2524 1788 2565 numero
1804 2518 1869 2565 tan=

1078 2610 1156 2665 quam
1172 2594 1320 2665 imperfecti
1333 2596 1516 2651 remanebunt.
1528 2593 1614 2653 Unum
1628 2598 1699 2652 euim
1718 2597 1867 2655 sleddatur

1078 2683 1112 2740 ad
1127 2699 1232 2754 notem,
1246 2686 1367 2756 quedam
1382 2684 1484 2757 efigies
1505 2688 1614 2743 unitatis
1633 2688 1757 2759 impletur
1784 2706 1791 2743 z
1812 2703 1869 2761 quo

1079 2776 1108 2832 tt
1119 2784 1193 2832 tanta
1205 2778 1357 2849 completio,
1380 2787 1408 2834 ut
1421 2779 1486 2833 ultra
1502 2795 1555 2835 non
1576 2782 1757 2851 progrediatur
1771 2799 1870 2840 uume-

1078 2884 1135 2934 rus,
1151 2870 1201 2925 uisi
1217 2885 1308 2925 rursus
1318 2870 1350 2925 ad
1367 2885 1448 2925 unum
1462 2870 1600 2939 redeatur;
1615 2882 1643 2928 et
1664 2872 1721 2931 lraec
1742 2890 1791 2945 per
1810 2874 1871 2931 iuli·

1080 2962 1189 3016 uitatem
1200 2960 1303 3017 numeri
1317 2962 1406 3032 regula
1418 2962 1593 3018 custodiatur.
1606 2963 1707 3020 florem
1724 2966 1813 3037 itaque
1825 2967 1870 3023 in·

1080 3052 1171 3124 digcut
1185 3070 1246 3121 uuo,
1262 3064 1291 3108 ut
1309 3052 1422 3125 quadam
1436 3054 1542 3109 unitatis
1555 3053 1640 3111 forma
1653 3057 1825 3127 coagulentur
1841 3063 1872 3116 el

1080 3142 1173 3199 decem
1185 3143 1239 3199 sint
1253 3161 1260 3198 :
1276 3159 1357 3198 unum
1369 3152 1457 3199 auum
1471 3159 1523 3199 uon
1536 3144 1575 3200 eis
1584 3143 1684 3221 indiget
1698 3157 1727 3201 ut
1735 3147 1870 3207 custodiat

1081 3239 1209 3292 unitatem
1233 3236 1421 3303 Quamobrem,
1436 3244 1466 3291 ut
1479 3236 1516 3291 illi
1531 3252 1626 3293 notent
1640 3238 1685 3309 qui
1696 3240 1796 3310 gratiae
1811 3255 1871 3297 uon

1082 3336 1209 3398 egerunt,
1225 3326 1333 3398 reprobi
1345 3324 1430 3383 euecti
1441 3371 1449 3396 ,
1462 3342 1477 3381 a
1494 3329 1630 3384 consortio
1643 3329 1752 3387 unitatis
1765 3332 1870 3388 exclusi

1082 3430 1158 3487 suut;
1171 3423 1206 3476 ita
1226 3436 1295 3477 uatus
1310 3420 1354 3477 ille
1366 3420 1410 3488 uui
1425 3420 1523 3491 gratias
1544 3420 1615 3491 egit,
1636 3422 1720 3477 unicae
1744 3422 1875 3481 Ecclesiae

1083 3512 1275 3583 significatione
1290 3511 1450 3581 approbatus
1462 3520 1542 3582 atque
1555 3510 1676 3567 laudatus
1687 3520 1738 3569 est.
1754 3512 1788 3567 Et
1808 3513 1874 3583 quia

1083 3602 1122 3658 illi
1135 3610 1211 3658 eraut
1233 3600 1337 3668 dardani,
1359 3600 1480 3655 amisisse
1499 3616 1547 3671 per
1567 3600 1718 3673 superbiam
1743 3600 1874 3657 declarati

1083 3702 1145 3751 suut
1158 3708 1268 3764 regnum
1279 3692 1418 3759 eoelorum,
1431 3690 1473 3747 ubi
1484 3692 1599 3749 maxime
1611 3692 1698 3747 unias
1706 3692 1873 3749 emtoditnr:

1084 3786 1134 3842 iste
1146 3802 1212 3842 aero
1230 3786 1275 3857 qui
1289 3794 1347 3841 erat
1366 3784 1564 3853 Samariuuus,
1585 3783 1656 3855 qnod
1680 3786 1877 3856 iuterpretatur

1084 3878 1188 3944 Custos,
1202 3878 1238 3933 illi
1252 3892 1267 3931 a
1283 3892 1335 3947 quo
1350 3876 1451 3946 accepit
1471 3874 1588 3931 tribuens
1605 3872 1676 3947 quod
1697 3878 1816 3947 accepit,
1844 3888 1876 3935 et

1084 3967 1281 4041 quodammodo
1292 3977 1402 4024 marinus
1413 3966 1477 4023 illud
1492 3966 1525 4023 tle
1537 3966 1659 4035 Psalmo,
1682 3966 1876 4027 Fortitudinem

1084 4074 1164 4114 maora
1174 4058 1209 4113 od
1218 4068 1241 4113 te
1252 4059 1391 4114 corroditur
1403 4056 1487 4130 (Psoi.
1499 4070 1577 4123 narrt,
1595 4057 1654 4127 ltl);
1670 4073 1717 4129 per
1727 4060 1877 4130 gratiarum

1085 4150 1215 4205 actionem
1246 4150 1301 4219 regi
1334 4147 1484 4219 subjectus,
1517 4148 1646 4205 unitatem
1680 4150 1755 4221 regui
1779 4149 1878 4207 numdi

1085 4240 1366 4298 deuotiouescruarit.
1799 4268 1804 4278 ·

1120 4330 1190 4387 xtt.
1205 4331 1255 4406 [lb.
1268 4346 1319 4386 arar
1330 4326 1405 4404 ‚tt.]
1417 4328 1485 4398 Quid
1500 4339 1541 4386 est
1559 4328 1630 4401 quod
1643 4329 1709 4385 dicit
1729 4330 1878 4401 Dourinus,

1088 4423 1138 4489 Qui
1148 4424 1256 4494 srreritirt
1266 4432 1341 4490 tecto,
1354 4432 1378 4477 et
1391 4438 1451 4477 aoso
1464 4425 1519 4493 ejus
1528 4422 1554 4476 iu
1567 4420 1657 4490 doato,
1671 4439 1722 4477 nort
1740 4422 1881 4479 desendet

1086 4516 1174 4570 toliere
1184 4514 1249 4569 illo?
1262 4511 1295 4568 lu
1315 4521 1377 4567 tecto
1389 4520 1446 4578 est,
1460 4513 1505 4584 qai
1519 4511 1650 4568 excedens
1662 4513 1794 4582 carralia,
1817 4522 1882 4570 tan·

1087 4620 1166 4675 param
1185 4602 1212 4658 iu
1225 4618 1288 4658 aura
1302 4602 1386 4658 libera
1404 4601 1576 4674 spiritualiter
1587 4601 1660 4657 risit.
1685 4601 1752 4659 leto
1772 4604 1827 4674 put
1850 4606 1881 4659 itt

1087 4696 1172 4763 domo,
1187 4705 1250 4751 sunt
1260 4707 1354 4749 sensus
1366 4692 1498 4762 carnales,
1511 4687 1607 4765 quibus
1619 4694 1651 4749 ad
1664 4694 1880 4765 investigandam

1088 4782 1237 4854 ueritatem,
1247 4800 1306 4856 qaam
1318 4784 1451 4839 intellectu
1464 4784 1577 4853 eapitur,
1592 4784 1667 4839 multi
1683 4792 1789 4841 utentes
1798 4788 1880 4857 peut·

1089 4887 1131 4933 tus
1149 4884 1313 4933 euaserunt.
1330 4874 1413 4947 liujus
1433 4890 1497 4948 ergo
1517 4876 1661 4947 spiritualis
1683 4877 1731 4932 riri
1743 4876 1798 4949 jam
1812 4892 1883 4935 rasa

1088 4970 1279 5026 istasacautiu
1299 4968 1395 5036 domo;
1416 4968 1478 5041 quia
1494 4978 1585 5025 mente
1601 4970 1706 5039 corpori
1728 4972 1880 5040 superanti-

1088 5076 1156 5117 uens
1170 5057 1308 5130 peraciem
1320 5058 1501 5132 intelligentiae
1512 5070 1636 5130 uuquam
1645 5059 1671 5116 in
1684 5066 1753 5115 tecto
1762 5060 1879 5131 positus,

1089 5152 1278 5225 perspicuitate
1293 5152 1429 5223 saptentiae
1443 5152 1523 5209 veluti
1544 5154 1613 5209 coelu
1630 5152 1796 5223 apertissimo
1810 5152 1881 5211 frui·

1089 5255 1142 5301 tur.
1157 5245 1257 5301 statuat
1268 5260 1331 5316 ergo
1345 5246 1411 5314 iste,
1426 5261 1459 5301 ue
1480 5244 1506 5299 iu
1528 5243 1571 5300 die
1586 5244 1763 5301 tribulationis
1784 5260 1883 5303 rursus

1089 5338 1142 5392 rita
1155 5338 1273 5407 cantali,
1289 5352 1349 5409 quae
1364 5352 1522 5407 persensus
1540 5336 1660 5406 corporis
1681 5336 1805 5407 pasettm,
1829 5336 1883 5393 de-

1089 5432 1213 5496 lectatus,
1227 5428 1260 5484 ad
1274 5442 1335 5484 uasa
1348 5426 1501 5498 brrjusmodi
1512 5424 1790 5483 tulleudadescendat.

1119 5564 1130 5596 ¹
1142 5570 1202 5613 tres
1216 5563 1300 5627 probae
1310 5568 1374 5613 uota
1391 5568 1462 5632 tiss,
1480 5562 1612 5614 tamnu
1625 5560 1754 5632 eadelm
1771 5558 1885 5626 repam
1901 5566 1906 5573 '

1088 5624 1332 5738 pgpnpppsthpppisso,
1343 5620 1410 5689 fidet.
1424 5622 1502 5687 alirn,
1513 5623 1646 5677 oectmdrmr
1658 5622 1800 5674 audacem
1809 5634 1885 5687 regat-
