4000 6359
239 290 304 345 papi
697 277 730 336 tlt
752 272 886 335 lorle'lS
903 269 1134 329 brandeorum.
1157 271 1187 327 S.
1206 272 1387 331 aucusitrtt
1795 279 1863 337 libb

238 400 392 457 connectetur
401 412 450 453 eros
458 397 484 452 in
493 392 565 450 omni
576 391 743 449 tribulatinnr
751 400 778 446 et
790 386 931 444 tentatione
947 382 1026 453 liujus
1080 391 1144 439 tres.
1154 382 1239 451 Unde,
1248 384 1298 439 nisi
1307 389 1368 456 quia
1375 384 1659 457 cognatilltemtaeob
1670 388 1759 445 babae
1766 390 1865 464 Syrum

240 494 311 547 vitae.
330 489 388 547 Non
402 488 471 543 enim
486 494 574 542 cessat
597 483 718 539 inimicus
743 478 881 549 peraeque
896 485 924 533 et
939 477 962 531 si
976 490 1028 530 non
1081 475 1195 531 babebat
1212 477 1370 561 avunculum
1387 493 1395 529 ι
1413 478 1494 532 trater
1511 476 1584 533 enlm
1596 487 1654 534 erat
1666 478 1756 536 Laban
1774 484 1867 537 matris

240 568 1030 655 apertesaevit,insidiisagit.0uidonimagit¹iiltaapcrirum
1080 567 1867 645 iacob,idestliebecemurorislsaaclld.nrur,2).Lege

243 676 330 731 dolose
343 676 447 744 opereat
460 668 545 744 (Prot.
557 682 648 733 xaxrr,
662 663 718 737 20).
731 661 794 718 lndo
807 662 892 716 dictus
904 670 945 715 est
952 660 994 713 leo
1004 669 1031 714 et
1081 657 1254 729 Scriptorum,
1263 670 1292 717 ct
1305 662 1422 717 invenies
1434 662 1494 732 quia
1504 660 1601 719 iratres
1614 662 1737 721 dicuntur
1749 681 1866 723 aruncu-

242 766 333 821 draeo.
348 761 401 818 Sed
411 761 473 833 qnid
484 755 709 815 dicituerristoi
719 753 752 808 Et
766 747 923 807 conculcabis
934 749 1030 805 bonam
1082 752 1124 807 lus
1135 760 1164 809 ιι
1175 754 1275 809 sororis
1288 754 1356 811 lilius
1367 753 1422 826 (ld.
1434 755 1622 829 urnii-lli).
1641 758 1698 826 Qua
1717 760 1806 831 regula
1822 776 1869 815 co-

242 867 266 913 rt
280 857 414 911 draconem
427 847 940 925 (Postumii).Leopropterapertam
952 841 1030 906 iram,
1082 845 1174 913 gnita,
1192 845 1312 903 invenies
1331 860 1425 902 ornnes
1441 845 1652 917 consanguineos
1671 848 1760 907 llario
1772 850 1870 907 tratres

242 948 323 1003 draeo
338 954 444 1016 propter
457 940 573 997 occultas
597 937 714 993 insidias.
737 936 822 991 Draco
842 934 921 1002 eiecit
947 931 1031 986 Adam
1083 937 1262 993 essecnristi,

245 1036 279 1093 de
293 1035 432 1106 paradiso,
448 1030 516 1085 idem
528 1029 584 1098 ipse
598 1027 640 1082 len
653 1036 807 1097 persecutus
819 1032 860 1079 est
872 1021 1030 1087 Ecclesiam,
1119 1025 1146 1080 5.
1165 1025 1219 1082 Sed
1233 1026 1270 1081 itti
1293 1026 1415 1098 discipuli
1433 1028 1517 1099 magis
1537 1036 1613 1085 erant
1636 1028 1749 1099 iratres3
1762 1032 1824 1101 quia
1842 1044 1871 1088 et

245 1126 349 1182 dicente
364 1124 461 1186 Petro,
486 1120 552 1187 Quia
572 1116 729 1171 advesarius
747 1125 825 1171 oeten·
835 1114 950 1168 diobolae
969 1113 1033 1167 sieut
1084 1115 1123 1171 illi
1136 1116 1240 1187 cognati
1253 1115 1347 1173 tratres
1358 1132 1411 1171 non
1421 1126 1520 1185 essent,
1534 1118 1556 1173 si
1571 1117 1690 1189 discipuli
1703 1130 1871 1179 nonessent:

248 1216 288 1271 leo
299 1216 400 1285 rupices
414 1212 512 1278 circuit,
521 1224 718 1281 querensquem
729 1206 858 1279 decoret(l
871 1206 940 1261 Petr.
952 1219 979 1270 v,
991 1201 1031 1276 8).
1084 1214 1112 1263 et
1124 1208 1182 1263 sine
1195 1222 1276 1263 eausa
1289 1206 1402 1276 iratres,
1415 1209 1438 1263 si
1452 1210 1606 1279 magistrum
1624 1225 1678 1266 non
1697 1225 1873 1283 agnoscerent

247 1308 304 1364 Non
321 1306 366 1362 tibi
379 1303 508 1360 soevitiam
519 1316 594 1357 suam
606 1299 754 1371 perdidisse
766 1297 886 1354 diabolus
895 1296 1031 1352 rideatur:
1085 1300 1203 1355 [mtrem.
1214 1299 1402 1371 Namquodam
1412 1302 1471 1357 loco
1484 1318 1545 1359 eum
1557 1303 1583 1359 ei
1595 1302 1707 1361 nuntiati
1718 1314 1873 1361 essentma·

247 1394 353 1467 quando
366 1393 510 1458 blanditur,
527 1400 588 1445 tunc
601 1390 685 1459 magis
698 1387 829 1443 canendus
839 1395 890 1441 est.
903 1384 956 1440 Sed
965 1385 1034 1439 inter
1086 1390 1340 1461 interimensque
1352 1392 1416 1447 toris
1427 1400 1527 1447 stantes
1538 1431 1545 1456 ,
1556 1392 1602 1448 ille
1613 1402 1701 1449 aurem
1715 1409 1775 1449 pum
1786 1394 1869 1451 piger.

245 1485 295 1541 bas
309 1499 402 1540 omnes
413 1481 522 1538 insidias
535 1478 627 1551 eteius
638 1478 805 1541 tentationes,
820 1474 883 1545 quid
895 1474 1032 1537 iaciemus,
1086 1483 1154 1551 puris
1167 1483 1223 1539 ente
1245 1482 1419 1553 loquebatur,
1433 1483 1470 1537 ait
1483 1501 1491 1537 a
1504 1483 1568 1549 ene
1583 1483 1645 1537 nribi
1661 1494 1754 1550 amtor,
1768 1486 1808 1541 rel
1829 1488 1875 1557 qai

246 1577 300 1633 nisi
313 1576 429 1648 quodibi
447 1572 604 1637 audirimus,
617 1569 773 1642 Epoeutcm,
785 1583 841 1621 cum
858 1564 920 1619 turibi
935 1562 1035 1619 aaroni
1086 1571 1196 1644 fratrer?
1211 1570 1244 1625 Er
1255 1571 1390 1629 academ
1401 1587 1504 1625 amnem
1513 1588 1589 1643 snper
1600 1572 1736 1643 discipulo,
1749 1591 1823 1643 ιω,
1833 1576 1874 1629 ai.

248 1678 339 1735 emerat,
348 1666 481 1721 induebam
490 1682 529 1719 rue
535 1664 627 1727 cilicio,
637 1670 661 1717 et
670 1660 831 1715 bunritiubnm
840 1659 866 1713 ιι
870 1656 970 1729 jejunio
979 1654 1036 1709 oni·
1086 1662 1134 1730 rit,
1145 1660 1183 1715 lii
1192 1672 1251 1717 ruat
1263 1667 1355 1733 fratrea
1366 1662 1414 1717 mei
1427 1679 1437 1717 .·
1450 1672 1487 1729 et,
1498 1662 1652 1735 Quicumque
1663 1666 1749 1735 ιιιιιιι
1760 1666 1877 1721 cotuma-

246 1776 314 1815 nram
327 1773 416 1813 nuum
430 1756 478 1809 Est
496 1755 541 1825 qui
556 1752 689 1817 exaudiat,
700 1766 734 1807 ne
744 1749 870 1805 dubitetis
878 1762 955 1803 orare
971 1747 1035 1815 :qui
1087 1751 1233 1816 teprPutris
1245 1754 1312 1820 mei,
1329 1754 1373 1809 ille
1385 1754 1447 1807 anibi
1465 1764 1558 1821 meter,
1573 1762 1597 1808 ct
1610 1756 1740 1827 [ratmot
1753 1772 1826 1811 soror
1835 1768 1876 1811 eat

250 1857 338 1905 autem
352 1846 475 1914 exaudit,
487 1846 558 1901 intus
569 1851 669 1899 manet.
683 1841 740 1898 Non
751 1841 777 1895 in
790 1846 906 1895 montem
921 1838 1035 1909 aliquem
1090 1843 1193 1915 (liottlr.
1203 1860 1250 1909 ιιι,
1259 1844 1367 1917 46-50).
1381 1845 1451 1916 Ergo
1463 1853 1491 1899 er
1503 1844 1595 1913 unfra,
1607 1846 1669 1915 quia
1683 1845 1743 1903 seqq
1755 1847 1877 1903 votnm.

245 1939 337 1995 oeulos
364 1936 501 2008 dirigatis,
530 1950 584 1989 non
610 1933 705 1988 faeiem
732 1931 759 1986 in
774 1930 865 1985 stellas
887 1936 933 1983 aut
950 1927 1035 1983 solem
1089 1942 1144 1991 rem
1154 1933 1249 1989 Patris.
1264 1934 1582 2005 iioeineamaqnillcarit
1594 1934 1732 2004 Dominus,
1742 1936 1802 2007 qnia
1813 1936 1877 1993 lecit

246 2037 292 2084 aut
301 2028 390 2083 lunam
403 2026 506 2081 levetis.
521 2024 580 2081 Non
597 2033 659 2079 tunc
670 2020 791 2079 exaudiri
802 2034 849 2074 vos
858 2016 1035 2082 arbitremini,
1088 2025 1253 2081 veluntatem
1267 2024 1364 2093 Patris,
1378 2040 1431 2081 non
1445 2025 1507 2095 quia
1519 2026 1681 2095 mroqennit
1692 2039 1809 2081 earnem,
1830 2025 1877 2081 pn.

246 2118 353 2191 quandn
376 2132 457 2187 super
482 2131 556 2173 mare
578 2114 681 2170 oratis:
706 2113 760 2169 imo
780 2110 949 2167 detestamini
971 2108 1037 2163 tales
1088 2115 1179 2170 render
1194 2113 1315 2171 coenes
1337 2123 1435 2171 neena.
1460 2114 1603 2186 Propterea
1621 2128 1682 2171 cnm
1703 2115 1829 2172 pominus
1847 2118 1879 2173 in

247 2210 391 2266 orationes.
403 2208 498 2263 blunda
507 2215 608 2263 tantum
616 2204 765 2260 cubiculum
773 2202 860 2259 cordis
870 2220 878 2257 :
887 2200 931 2256 ubi
944 2197 1035 2259 lucris.
1089 2206 1165 2262 turba
1177 2205 1341 2261 admirabilis
1353 2206 1504 2273 rideretur,
1516 2204 1615 2261 taciens
1626 2206 1701 2277 signa
1710 2214 1736 2261 ct
1743 2207 1877 2279 prodigia,

251 2298 409 2369 ubicumque
421 2296 555 2361 oraveris,
571 2295 643 2349 intus
662 2300 702 2347 cst
715 2292 760 2363 qni
775 2290 913 2355 exandiat,
927 2288 996 2343 intus
1010 2287 1037 2341 in
1088 2306 1116 2352 er
1127 2296 1271 2351 ostendens
1284 2295 1347 2366 qnid
1354 2297 1449 2352 lateret
1460 2295 1487 2351 in
1501 2310 1591 2363 earne,
1606 2296 1741 2352 admiratae
1755 2296 1878 2368 quedam

240 2396 366 2455 mereto,
382 2401 461 2457 quem
476 2386 562 2440 sinum
578 2390 656 2438 rocat
665 2395 725 2436 cum
740 2380 794 2445 ait,
808 2378 841 2433 Et
851 2378 931 2432 oratio
943 2393 998 2429 mee
1010 2376 1038 2431 iu
1088 2387 1183 2457 anjmoe
1197 2386 1337 2441 dixerunt:
1351 2384 1427 2441 Ferte,
1436 2395 1520 2441 emm
1534 2386 1578 2456 qni
1589 2394 1613 2440 te
1630 2388 1747 2457 patrante,
1760 2387 1795 2442 Ει
1808 2388 1853 2444 1110
1869 2408 1877 2443 2

245 2480 304 2535 cine
319 2495 373 2533 uteo
386 2484 543 2533 convetetur
554 2474 640 2547 (Part.
651 2488 743 2538 xxxiv,
757 2472 812 2541 lb).
826 2470 875 2539 Qui
886 2478 911 2523 to
919 2467 1035 2536 exaudit,

248 2586 300 2626 non
312 2578 353 2625 est
364 2578 463 2639 practer
478 2576 514 2621 te.
528 2564 587 2622 Non
600 2564 681 2635 longe
692 2560 773 2617 radas
785 2602 792 2627 ‚
806 2574 855 2615 noc
867 2566 894 2614 te
906 2556 1035 2624 extollas,

248 2670 276 2717 ιι
289 2661 364 2733 quasi
377 2660 492 2730 attinges
505 2657 579 2713 illum
590 2656 721 2712 manibus.
734 2652 816 2723 ttaqis
825 2652 848 2706 si
861 2660 887 2706 te
897 2650 1035 2717 extuleris,

247 2751 326 2809 cados
342 2769 348 2805 :
365 2750 428 2805 site
448 2748 647 2812 lrunriliaveris,
664 2747 721 2816 ipse
734 2742 965 2815 appropinquabit.
988 2742 1037 2796 liic

247 2842 374 2898 Dominus
401 2841 471 2896 Dens
493 2846 583 2894 noster
605 2835 722 2892 Verbum
747 2836 810 2902 Dei,
836 2832 951 2891 Verbum
974 2847 1037 2888 caro

247 2930 362 2996 laetum,
386 2928 468 2984 Filius
483 2928 583 2992 Patris,
600 2925 681 2982 Filius
702 2924 766 2992 Dei,
788 2924 871 2980 Filius
894 2923 1034 2979 bominis:

248 3020 368 3076 excelsus
383 3027 411 3073 ιι
431 3034 481 3073 ιιι
503 3017 620 3084 ιιιιιιι,
645 3015 751 3069 ιιιιιιιιι
778 3021 807 3068 ιι
828 3028 878 3068 nos
895 3012 1036 3080 reluceret,

248 3113 387 3169 ambulans
402 3114 471 3167 inter
496 3110 636 3179 homines,
653 3109 755 3179 patiens
776 3105 905 3173 bumana,
922 3105 1037 3161 abscon-

248 3204 314 3261 dens
328 3203 426 3259 divina.

281 3293 310 3349 2.
331 3292 473 3359 descendit,
490 3301 519 3347 ut
532 3290 595 3346 dicit
607 3288 790 3359 lit-angeliste,
803 3287 830 3341 in
845 3286 1035 3356 Gepbernunm,

247 3384 301 3456 ipre
314 3392 337 3438 et
350 3392 429 3437 rareter
441 3384 511 3454 ejus,
523 3391 548 3437 ct
568 3382 742 3454 fratresque,
757 3389 781 3434 et
795 3378 914 3449 discipuli
928 3380 999 3449 ejus,
1013 3387 1037 3431 et

248 3472 281 3527 tlt
295 3483 439 3527 interserunt
459 3488 509 3527 non
527 3470 613 3526 multia
627 3469 722 3524 diebus.
738 3470 805 3525 Ecce
823 3468 902 3523 babet
914 3479 1036 3532 matrem,

249 3563 328 3619 babet
341 3562 446 3629 iratres,
460 3560 539 3616 babet
552 3568 578 3615 et
590 3560 734 3630 discipulos
748 3578 754 3613 :
769 3558 830 3613 inde
843 3557 953 3623 iratres,
968 3557 1038 3613 unde

248 3663 369 3708 matrem.
384 3652 489 3707 Fratres
501 3652 570 3707 enim
584 3650 719 3721 Scriptura
730 3659 829 3718 nostra,
842 3665 893 3705 non
907 3663 954 3703 eos
965 3650 1038 3705 solos

247 3744 381 3814 appellare
394 3744 548 3811 consuevit,
562 3742 606 3813 qui
626 3752 769 3797 nascnntnr
781 3757 814 3795 ea
833 3740 927 3797 eodem
941 3740 997 3795 uiro
1011 3748 1039 3796 et

248 3834 356 3904 lemine,
366 3844 413 3891 ιιι
421 3852 453 3891 ιι
464 3836 558 3892 eodem
567 3844 703 3902 ntcro,aut
712 3850 743 3889 ιι
753 3834 845 3889 eodem
855 3841 1038 3903 patre,quam-

247 3927 288 3981 uis
298 3926 410 3981 diversis
419 3928 563 3991 nratribus;
575 3935 620 3981 aut
629 3934 701 3981 certe
711 3941 743 3980 cx
756 3924 850 3981 eodem
863 3924 955 3995 gradun
967 3923 1038 3979 velut

247 4016 442 4085 compatrueles
456 4026 500 4070 ant
512 3996 685 4071 consobrinos
697 4034 703 4069 :
715 4031 767 4070 nrm
780 4014 865 4069 solnm
881 4014 929 4069 lios
942 4015 1038 4069 iratres

249 4108 322 4165 norit
335 4108 424 4163 dicere
439 4108 575 4179 Scriptura
591 4118 690 4161 nostra.
711 4105 849 4172 Quomodo
861 4105 985 4175 loquitur,
999 4106 1038 4160 ιιι

247 4197 417 4268 intelligenda
439 4204 489 4253 est.
515 4196 600 4251 ilabet
625 4196 741 4265 linguam
766 4208 840 4250 snam
858 4195 1038 4266 :quicumque

249 4290 319 4346 bane
332 4290 447 4361 linguam
461 4289 555 4355 nescit,
569 4288 699 4354 turbatur,
714 4294 742 4343 et
752 4286 831 4351 dicit,
848 4285 923 4342 Unde
942 4286 1038 4343 iratres

250 4380 363 4436 Domino
371 4382 382 4435 ι
391 4380 460 4436 Num
471 4380 541 4435 enim
554 4378 633 4434 bieria
644 4378 738 4433 iterum
749 4376 867 4447 peperit?
878 4376 961 4432 Absit.
974 4377 1037 4433 lude

248 4471 331 4541 eoepit
342 4471 454 4541 dignitas
476 4471 617 4541 virginum.
638 4469 682 4525 llla
695 4468 792 4525 lemina
807 4476 892 4524 ntater
911 4482 970 4525 esse
986 4484 1037 4539 po·

250 4564 311 4628 tuit,
326 4564 422 4624 mtrlier
435 4577 494 4618 esse
513 4578 565 4618 non
583 4563 675 4633 potuit.
698 4562 772 4619 biota
785 4570 826 4617 est
839 4569 926 4617 autem
941 4561 1038 4617 mulier

247 4654 393 4711 seeundum
404 4655 545 4711 femineum
556 4669 662 4720 sexum,
672 4668 724 4709 non
732 4654 874 4709 sectrndum
886 4654 1036 4724 corruptio-

248 4763 310 4803 nem
325 4747 480 4817 integritatis
495 4764 501 4801 :
515 4755 542 4803 et
554 4746 604 4802 lane
623 4761 655 4801 ex
673 4745 760 4817 lingua
780 4746 863 4815 ipsius
881 4745 1035 4817 Scriptura.

247 4838 314 4895 Nam
326 4846 353 4895 et
367 4838 423 4893 Eua
437 4838 525 4893 statim
544 4836 612 4893 lacta
626 4836 756 4893 delatore
778 4836 827 4891 riri
847 4838 899 4901 sui,
919 4836 1036 4893 nondum

248 4938 369 4985 contacta
385 4928 470 4985 arlro
482 4942 541 4995 suo,
555 4928 638 4982 nostis
654 4927 715 4997 quia
727 4927 823 4983 mulier
837 4926 966 4996 appellata
980 4937 1035 4985 est:

249 5019 282 5074 lit
296 5019 413 5091 forment
424 5035 480 5075 earn
495 5019 522 5073 ιι
541 5019 669 5073 mulierem
684 5016 759 5091 (Gen.
771 5033 802 5085 rr,
814 5014 870 5089 ιι).
887 5016 961 5073 Unde
973 5032 1038 5088 erqo

248 5108 364 5165 tratreol
383 5110 494 5181 Cognati
516 5108 603 5163 llario
622 5106 717 5163 iratres
732 5107 852 5175 bomini,
866 5107 900 5163 de
920 5108 1038 5177 quolibet

247 5198 331 5267 produ
351 5200 465 5270 cognati.
487 5197 563 5255 Unde
577 5198 738 5267 probamus?
757 5198 796 5252 lix
818 5196 874 5267 ipsa
889 5196 1035 5266 Scriptura.

249 5287 342 5343 Frater
357 5291 469 5346 nerana
482 5290 569 5347 dietus
582 5295 624 5345 est
633 5287 685 5345 Lot
697 5287 751 5360 (ld.
762 5304 820 5357 ιιι,
832 5288 860 5356 8,
872 5295 899 5344 et
909 5288 1036 5360 ιιι,ιι);

249 5378 320 5435 lulius
332 5390 390 5435 erat
401 5381 490 5438 tratrie
501 5381 594 5452 ipsine.
613 5380 694 5451 Lege,
706 5390 733 5435 et
745 5380 864 5437 iuvenies
876 5384 936 5451 quia
948 5381 1037 5437 Abra·

249 5468 312 5525 bam
326 5480 434 5541 patrnos
446 5478 506 5529 erat
516 5470 629 5547 Lotdd.
637 5470 791 5545 animi),
799 5480 827 5531 et
836 5471 900 5529 dicti
908 5481 970 5527 sunt
981 5470 1036 5528 lra-

281 5659 401 5709 ‘limma
413 5668 539 5722 peralta:
553 5661 613 5723 occid
621 5659 751 5715 minuit?
762 5666 789 5713 dt
799 5672 950 5725 stuperatem.

1088 2475 1146 2531 Into
1158 2477 1242 2547 pelicea
1251 2480 1294 2549 qai
1306 2476 1411 2531 redient
1424 2477 1524 2531 cebant
1535 2476 1595 2545 bet,
1609 2487 1634 2531 et
1643 2478 1786 2533 costodiunt
1798 2477 1879 2549 (Lac.

1087 2582 1125 2633 ιι,
1136 2567 1182 2634 ιι,
1194 2566 1251 2637 28).
1271 2564 1327 2621 iloe
1339 2575 1381 2623 est
1394 2566 1498 2635 dicere,
1512 2566 1546 2621 lit
1563 2576 1648 2623 mater
1668 2582 1728 2623 mea
1738 2583 1818 2639 quam
1831 2584 1882 2640 ap-

1089 2659 1207 2730 pellastis
1219 2657 1333 2725 telicem,
1346 2658 1410 2715 inde
1419 2658 1480 2713 letis
1492 2658 1553 2729 quia
1563 2658 1673 2713 uerbum
1686 2658 1732 2713 bei
1743 2659 1880 2715 custodit:

1088 2766 1141 2807 non
1156 2752 1216 2821 quia
1229 2750 1257 2806 in
1270 2750 1315 2806 illa
1327 2750 1444 2807 Verbum
1455 2764 1519 2805 caro
1530 2747 1630 2805 laetum
1643 2758 1696 2817 est,
1710 2760 1739 2806 et
1750 2750 1883 2806 habitarit

1088 2843 1115 2898 in
1129 2841 1207 2898 nobis
1220 2841 1309 2913 (torn.
1318 2858 1338 2907 ι,
1353 2841 1397 2912 ιι)
1411 2858 1419 2908 ;
1434 2840 1481 2897 sed
1500 2841 1561 2912 quia
1574 2840 1688 2895 custodit
1702 2840 1788 2911 ipsum
1808 2842 1883 2899 iler-

1088 2931 1151 2988 bum
1164 2932 1212 2987 liei
1226 2946 1275 3001 per
1287 2932 1358 3002 quod
1370 2923 1439 2987 licta
1452 2938 1511 2997 est,
1524 2939 1553 2987 et
1571 2931 1641 3001 quod
1660 2931 1688 2987 in
1705 2932 1750 2986 illa
1762 2946 1826 2989 caro
1841 2933 1884 2987 la-

1088 3033 1160 3079 ctum
1171 3031 1222 3080 est.
1236 3023 1365 3080 Homines
1376 3038 1430 3079 non
1442 3022 1573 3095 gaudeant
1583 3026 1657 3094 prole
1671 3026 1818 3095 temporali,
1829 3041 1884 3082 ex-

1089 3114 1190 3171 sultent
1198 3114 1222 3169 si
1233 3114 1328 3185 spiritu
1337 3114 1484 3186 junguntur
1495 3115 1560 3171 lieo.
1572 3114 1635 3171 llaec
1646 3114 1760 3171 diximus
1771 3125 1884 3187 propter

1088 3205 1115 3261 id
1140 3205 1212 3275 quod
1239 3205 1277 3260 ait
1297 3204 1480 3275 evangelista,
1501 3207 1562 3277 qnia
1583 3221 1644 3261 cum
1669 3215 1827 3263 matresua
1851 3220 1885 3264 et

1089 3294 1213 3351 tratribus
1230 3296 1326 3351 suiset
1341 3296 1479 3369 discipulis
1500 3296 1627 3352 habitarit
1644 3296 1672 3351 ιι
1694 3296 1884 3369 Capharnanrn

1089 3390 1179 3459 paneis
1191 3387 1295 3444 diebos.

1123 3480 1150 3537 ι.
1165 3479 1228 3535 inde
1241 3478 1304 3550 quid
1315 3480 1453 3551 sequitnrl
1464 3478 1497 3534 dt
1510 3494 1588 3550 prope
1599 3488 1652 3534 erat
1661 3478 1763 3535 Pescia
1774 3480 1884 3539 Judoeo-

1088 3590 1154 3640 ram,
1163 3583 1187 3628 et
1197 3572 1310 3627 amendit
1320 3570 1516 3642 lerosolymam.
1532 3569 1619 3625 Aliam
1630 3585 1686 3627 rem
1699 3581 1799 3640 narrat,
1811 3574 1885 3631 sicut

1088 3680 1118 3721 se
1139 3664 1254 3720 babebat
1273 3663 1423 3719 recordatio
1445 3663 1636 3719 annuntiantis.
1651 3681 1661 3716 ι
1674 3664 1708 3719 Et
1731 3665 1832 3721 intonit
1855 3669 1883 3723 in

1089 3756 1188 3825 templo
1200 3753 1346 3809 rendentes
1355 3754 1437 3809 boves
1450 3762 1479 3809 et
1491 3768 1554 3809 ores
1566 3762 1594 3809 et
1606 3753 1792 3819 colombae-er
1801 3771 1886 3812 num-

1089 3845 1217 3901 mularios
1229 3843 1373 3899 sedentes:
1387 3852 1488 3899 etcum
1501 3842 1691 3914 fecissetquasi
1700 3842 1833 3916 flagellum
1846 3846 1885 3903 de

1089 3934 1231 4001 resticulis,
1244 3948 1338 3989 omnes
1350 3933 1428 4004 ejecit
1448 3933 1482 3989 de
1501 3934 1617 4003 templo;
1633 3933 1716 3991 boses
1734 3950 1842 4005 quoque
1854 3946 1885 3993 et

1088 4039 1162 4092 ores,
1176 4033 1203 4079 ιι
1213 4022 1449 4078 nummulariorum
1458 4021 1550 4078 effudit
1561 4036 1608 4088 res,
1619 4025 1885 4081 etmensassubuer-

1090 4113 1137 4180 tlt;
1150 4124 1178 4170 et
1187 4114 1230 4169 bis
1244 4113 1288 4184 qui
1297 4112 1433 4169 columbas
1446 4112 1607 4178 aerrdebant,
1616 4114 1698 4176 dixit,
1707 4113 1817 4171 Auferte
1826 4117 1885 4172 ista

1089 4206 1166 4273 ltine,
1179 4216 1208 4261 ιι
1221 4205 1303 4259 ιοιιιι
1316 4204 1405 4259 lacere
1416 4202 1524 4259 domum
1537 4203 1623 4259 Patris
1635 4204 1688 4259 mei
1700 4203 1810 4260 domum
1828 4222 1885 4263 ue·

1088 4294 1248 4366 gotiationis.
1265 4314 1274 4348 r
1289 4292 1358 4360 erid
1369 4292 1527 4359 andivimus,
1541 4289 1656 4347 iratres?
1665 4291 1735 4348 Eece
1749 4294 1884 4363 templum

1088 4385 1153 4441 illud
1167 4384 1250 4456 ligura
1260 4383 1349 4439 adbuc
1358 4390 1433 4451 erat,
1444 4389 1472 4438 et
1483 4382 1557 4452 ejicit
1569 4382 1631 4437 inde
1643 4382 1770 4439 Dominus
1783 4398 1886 4443 omnes

1087 4476 1132 4545 qui
1144 4488 1192 4529 sna
1204 4474 1369 4546 querebant,
1379 4472 1425 4544 qui
1437 4472 1472 4529 ad
1483 4472 1615 4528 nundinas
1625 4482 1763 4530 venerant.
1774 4476 1886 4548 litqnar

1088 4566 1125 4621 ibi
1139 4564 1289 4621 vendebant
1299 4564 1337 4620 illi
1347 4562 1360 4619 l
1371 4564 1436 4632 Qum
1445 4578 1512 4634 opus
1521 4562 1653 4619 habebant
1662 4562 1785 4621 homines
1794 4566 1821 4620 ιι
1832 4580 1885 4621 sa·

1088 4656 1194 4713 erillciis
1216 4656 1287 4713 illius
1306 4654 1442 4727 temporis.
1460 4652 1540 4709 Novit
1557 4652 1629 4711 enim
1647 4651 1769 4710 dimicas
1788 4665 1885 4712 restra

1088 4746 1159 4818 quod
1169 4746 1297 4803 caerillcia
1308 4746 1345 4801 illi
1355 4744 1452 4816 populo
1461 4758 1510 4815 pro
1521 4743 1578 4813 ejus
1591 4744 1748 4800 carnalitate
1756 4752 1784 4801 et
1795 4746 1887 4805 eorde

1088 4836 1176 4893 adbuc
1188 4836 1293 4907 lapideo
1307 4834 1371 4891 talia
1383 4834 1444 4890 data
1456 4841 1528 4901 sunt,
1541 4835 1637 4905 quibus
1650 4842 1785 4891 teneretur
1801 4850 1837 4891 ne
1851 4838 1886 4893 in

1088 4926 1158 4983 idola
1170 4926 1318 4993 debueret;
1333 4934 1361 4982 et
1375 4926 1546 4983 immolabant
1559 4925 1596 4981 ibi
1616 4916 1763 4993 saerilleia',
1775 4924 1862 4983 bores
1875 4970 1885 4995 ,

1088 5031 1154 5073 ores
1164 5025 1193 5072 et
1205 5016 1361 5072 columbas:
1373 5016 1467 5082 nostis,
1479 5015 1542 5087 quia
1552 5014 1662 5085 legistis.
1675 5013 1733 5070 Non
1742 5028 1807 5087 erqo
1818 5032 1888 5071 ma-

1087 5123 1168 5179 qnnm
1186 5116 1340 5178 peceatum,
1353 5107 1376 5163 si
1390 5106 1442 5163 lroc
1459 5105 1610 5162 vendebant
1626 5105 1655 5161 in
1675 5106 1790 5177 templo,
1804 5108 1887 5176 quod

1088 5198 1225 5256 emebatur
1238 5206 1267 5253 ut
1275 5196 1416 5254 offerretur
1426 5197 1452 5253 in
1466 5196 1582 5266 templo;
1592 5205 1621 5253 et
1628 5204 1718 5252 mmeo
1725 5195 1804 5265 eiecit
1813 5197 1889 5254 indo

1088 5289 1159 5345 illos.
1177 5288 1258 5357 Quid,
1268 5288 1292 5345 ιι
1303 5288 1340 5343 ibi
1353 5287 1474 5343 ebriosos
1483 5284 1623 5353 inveniret,
1633 5283 1697 5357 qnid
1709 5283 1808 5341 laceret
1821 5285 1888 5341 lio·

1088 5380 1191 5448 minum
1206 5380 1230 5436 si
1242 5378 1392 5437 rendentes
1401 5391 1434 5434 ea
1447 5391 1508 5448 qnae
1517 5375 1588 5431 licita
1601 5384 1673 5443 sunt,
1685 5383 1714 5431 et
1726 5382 1819 5431 centn
1829 5374 1888 5445 jn-

1088 5468 1187 5527 stitiam
1198 5484 1253 5525 non
1266 5474 1329 5525 sunt
1339 5468 1411 5539 (quar
1421 5466 1493 5522 enim
1505 5464 1616 5521 honeste
1627 5470 1761 5533 emuntur,
1775 5478 1829 5521 rron
1841 5465 1889 5521 it-

1089 5556 1162 5614 lieito
1175 5556 1351 5625 renduntur),
1365 5556 1466 5627 expulit
1483 5562 1589 5622 tamea,
1603 5562 1632 5611 et
1650 5568 1704 5611 uon
1721 5562 1764 5610 ert
1781 5568 1891 5623 passus

1089 5647 1198 5706 domum
1212 5649 1339 5706 orationis
1353 5648 1409 5705 lieri
1421 5647 1529 5705 domem
1542 5642 1781 5720 negotiationislsi
1792 5658 1888 5711 nego·
