4000 6359
122 468 704 535 licumdevisibilihusadmnuenthumanam
710 482 838 529 mentem.
846 471 914 539 Quia

121 568 192 625 mim
202 566 310 623 illenon
320 575 361 621 est
372 562 431 620 talis
440 563 589 619 substantia
599 580 657 635 quac
667 563 750 621 videri
759 563 843 621 oculis
854 579 915 635 pos-

120 665 164 733 sit,
177 670 206 719 ci
216 660 345 717 miracula
359 658 417 730 ejus
427 658 522 731 quibus
535 666 621 715 totum
633 658 760 714 ιιιιιιιὼιιιι
773 658 840 730 regit
852 657 913 715 urri-

121 769 277 826 versamque
295 759 447 809 creaturam
459 750 638 821 administrat,
654 750 809 807 assiduitate
827 752 912 809 vilue-

120 860 194 919 ruut,
209 851 246 907 ita
261 857 290 905 ot
303 862 371 920 pene
390 862 469 903 nemo
484 846 607 918 dignetur
619 843 756 901 attendere
768 860 849 917 opera
865 844 913 902 Dei

119 946 186 1001 mira
201 952 229 999 et
247 940 379 1012 stupenda
396 938 424 997 in
437 939 556 1011 quolibet
575 936 684 994 seminis
703 950 800 1009 grano;
814 952 913 993 secun-

116 1039 179 1093 dum
202 1036 288 1107 ipsam
309 1049 385 1091 suam
408 1030 619 1087 misericordiam
641 1030 760 1087 servavit
771 1028 822 1085 sibi
836 1044 912 1101 quae·

117 1128 188 1193 dam,
197 1126 369 1199 qumiaceret
381 1134 530 1195 opportuno
541 1131 661 1194 tempore
674 1130 772 1193 practer
786 1120 911 1177 usitatum

116 1235 225 1277 eorsum
240 1218 418 1289 ordinemque
432 1224 545 1283 naturae,
562 1223 591 1270 ut
604 1230 657 1271 non
678 1214 790 1285 majora,
806 1214 854 1271 sed
868 1215 911 1271 in-

116 1315 192 1371 solita
208 1311 325 1369 videndo
337 1317 485 1383 stuperent,
497 1308 594 1382 quibus
605 1308 759 1380 quotidiana
769 1309 909 1366 viluerant.

114 1407 198 1478 llajtm
210 1406 283 1463 eninr
301 1403 459 1463 miraculum
479 1411 520 1459 cst
541 1401 698 1473 gubernatio
714 1402 793 1459 totius
806 1401 908 1468 mundi,

114 1514 192 1571 quam
208 1499 339 1555 saturatio
350 1498 466 1567 quinque
477 1494 590 1551 millium
600 1494 738 1551 hominum
748 1493 783 1551 de
795 1494 911 1565 quinque

114 1590 244 1663 panibus:
258 1599 285 1646 et
294 1599 382 1647 tannen
395 1590 453 1647 baec
467 1604 547 1645 nemo
560 1588 673 1645 miratur
684 1605 690 1641 :
703 1587 768 1645 illud
781 1589 911 1645 mirantur

114 1684 238 1740 homines
250 1697 304 1739 non
317 1683 378 1755 quia
391 1681 477 1753 mains
488 1688 540 1750 est,
550 1680 598 1737 scd
608 1680 669 1751 quia
681 1695 770 1736 rarum
781 1689 832 1737 cst.
845 1680 910 1749 Quis

112 1776 182 1835 enim
196 1786 225 1833 et
239 1791 312 1833 nunc
324 1775 410 1847 pascit
424 1774 577 1830 universum
592 1772 730 1841 mundum,
746 1772 797 1827 nisi
811 1772 854 1827 ille
864 1772 909 1843 qui

112 1872 144 1928 de
160 1870 256 1942 paucis
276 1870 366 1941 granis
387 1878 491 1939 segetes
508 1867 597 1923 creati
612 1865 686 1922 Fecit
698 1881 763 1939 crgo
776 1865 909 1937 quomodo

111 1965 192 2022 heus.
206 1963 284 2020 Unde
297 1964 369 2019 enim
380 1961 538 2033 multiplicat
550 1960 583 2017 dc
592 1960 782 2033 paucisgranis
792 1968 907 2031 segetes,

112 2056 171 2114 inde
184 2057 213 2113 in
226 2056 351 2113 manibus
360 2056 415 2112 suis
427 2054 612 2125 multiplicavit
621 2055 737 2125 quinque
750 2068 841 2125 panes.
855 2053 908 2109 Po·

113 2157 193 2209 testas
205 2150 279 2205 enim
293 2157 352 2206 crat
366 2148 393 2203 in
406 2148 528 2205 manibus
541 2145 640 2203 Christi
656 2162 757 2218 :panes
770 2153 857 2203 autem
871 2147 909 2203 itti

112 2241 238 2313 quinque,
255 2241 332 2313 quasi
343 2241 446 2297 semina
456 2249 542 2307 crant,
553 2255 605 2295 riou
620 2240 727 2312 quidem
742 2250 821 2297 terrae
832 2256 909 2298 man·

111 2332 182 2402 data,
198 2332 248 2389 sed
272 2332 306 2388 ab
330 2347 363 2389 eo
384 2334 429 2403 qui
452 2340 551 2389 terram
574 2331 636 2389 iecit
656 2329 838 2403 multiplicata.
852 2330 909 2389 ilco

112 2439 172 2494 ergo
191 2423 333 2481 admotum
346 2432 389 2481 est
402 2424 534 2492 sensibus,
551 2440 604 2496 quo
617 2427 766 2495 erigeretur
778 2438 864 2493 mens,
880 2434 908 2481 et

112 2514 260 2572 exhibitum
273 2515 359 2573 oculis
373 2514 419 2573 ubi
433 2523 603 2573 exerceretur
615 2515 777 2583 intellectus,
793 2526 823 2573 ut
838 2516 908 2573 invi·

111 2607 215 2663 sibilem
226 2608 312 2664 Deum
323 2624 371 2678 per
382 2608 497 2665 visibilia
507 2622 588 2679 opera
603 2608 771 2677 miraremur,
786 2616 813 2666 et
824 2609 908 2667 erecti

111 2697 143 2753 ad
156 2698 237 2755 tidem
249 2706 277 2755 et
289 2699 394 2771 purgati
406 2715 454 2771 per
467 2699 559 2765 fldem,
575 2700 655 2757 etiam
664 2700 751 2771 ipsum
766 2700 907 2757 invisibili·

112 2797 150 2845 ter
160 2788 255 2848 videre
268 2804 439 2861 cuperemus,
453 2806 533 2863 quem
546 2790 668 2848 derebus
680 2791 827 2848 visibilibus
840 2792 909 2848 invi-

111 2882 214 2939 sibilem
229 2898 415 2939 nosceremus.

144 2975 171 3029 2.
182 2975 240 3032 Nec
250 2974 448 3051 tamensuiicit
458 2976 516 3033 hac
526 2974 623 3033 intueri
634 2976 660 3031 in
684 2970 907 3033 miraculisChri·

113 3070 154 3123 sti.
168 3068 372 3142 interrogemus
393 3068 450 3140 ipsa
473 3070 612 3137 miracula,
626 3069 690 3141 quid
705 3069 781 3126 nobis
796 3070 908 3141 loquan-

113 3170 153 3218 tur
172 3163 207 3219 de
217 3162 344 3219 Christo:
358 3162 456 3220 habent
465 3164 537 3221 enim
550 3164 573 3220 si
585 3164 774 3235 intelligantur,
791 3164 905 3235 linguam

112 3270 197 3310 suam.
212 3255 281 3311 Nam
293 3256 354 3328 quia
369 3256 426 3327 ipse
436 3254 559 3312 Christus
570 3256 686 3313 Verbum
700 3256 747 3312 ilci
760 3263 811 3325 cst,
826 3256 906 3313 ctiam

111 3344 209 3402 iactum
219 3346 312 3415 Verbi,
326 3346 437 3403 verbum
450 3347 528 3402 uobis
538 3353 587 3403 est.
599 3346 656 3403 llnc
664 3362 728 3419 ergo
738 3348 905 3417 miraculum,

111 3438 177 3495 shut
187 3438 341 3495 audivimus
355 3454 435 3511 quam
452 3454 578 3511 magnum
596 3439 646 3507 sit,
660 3454 811 3510 quaeramus
825 3440 906 3497 etiam

112 3544 188 3599 quam
210 3530 374 3601 protundum
386 3531 438 3585 sit:
452 3528 506 3586 ιἰοιι
519 3539 621 3587 tantum
633 3530 692 3601 ejus
705 3530 846 3602 superdoie
859 3531 906 3590 der

112 3613 251 3683 lectemur,
272 3612 320 3671 sed
340 3614 421 3671 etiam
440 3602 838 3686 altitudinem'perscrutemur.
853 3616 906 3673 lla-

111 3705 155 3761 bet
165 3708 239 3762 enim
254 3706 355 3777 aliqtv'd
367 3707 449 3775 intus,
460 3706 512 3763 hoo
524 3706 594 3777 quod
605 3707 734 3763 miramur
743 3706 817 3765 ioris.
835 3708 907 3763 ilidi-
938 3694 940 3697 ¹

111 3812 178 3863 mm,
213 3798 396 3869 spectavimus
426 3814 550 3869 magnum
583 3799 720 3870 quiddam,
748 3800 905 3870 praclarum

111 3890 247 3961 quiddam,
261 3900 289 3947 et
305 3891 415 3947 omuino
428 3890 557 3957 divinum,
569 3891 640 3963 quod
663 3890 721 3948 lieri
742 3893 793 3949 nisi
814 3906 830 3947 a
850 3892 905 3949 lico

112 4000 161 4041 non
173 3984 262 4055 possit
273 4002 280 4039 ι
291 3984 458 4041 laudavimus
467 3984 502 4041 de
514 3984 583 4040 lacto
593 3985 734 4041 factorem.
746 3984 799 4039 Sed
809 3999 905 4057 quem-

111 4075 254 4132 admodum
276 4074 299 4133 si
320 4074 423 4132 litteras
442 4075 565 4147 pulchras
583 4075 680 4132 alicubi
699 4076 904 4146 inspiceremus,

111 4184 161 4225 uon
184 4169 267 4225 nobis
290 4168 426 4225 suiilceret
449 4168 560 4225 laudaro
587 4170 726 4239 scriptoris
751 4169 902 4237 articulum,

110 4261 235 4331 quoniam
257 4274 304 4317 eas
325 4260 435 4333 pariles,
450 4261 567 4331 aequales
589 4260 754 4333 decorasque
767 4261 838 4327 iccit,
854 4260 905 4317 nisi

111 4353 187 4409 etiam
204 4353 356 4425 legeremus
370 4351 434 4424 quid
448 4352 526 4409 nobis
546 4366 594 4424 per
609 4353 667 4409 ilias
683 4353 838 4411 indicaverit
850 4370 856 4406 :
869 4353 905 4409 ita

111 4444 208 4501 laetum
222 4446 332 4517 bocqui
347 4452 451 4501 tantum
466 4444 581 4513 inspicit,
594 4443 743 4501 delectatur
755 4443 905 4513 pulchritu-

111 4538 169 4597 dine
190 4539 256 4595 lacti
274 4546 303 4595 ut
324 4536 472 4594 admiretur
485 4537 630 4603 artiiiccm;
644 4536 691 4609 qui
703 4545 791 4593 autem
804 4537 905 4593 inteili-

111 4632 154 4701 git,
169 4630 248 4701 quasi
273 4628 348 4701 legit.
363 4629 449 4685 Aliter
469 4628 541 4685 enim
565 4626 671 4684 videtur
691 4628 805 4699 pictura,
829 4630 906 4685 aliter

110 4723 233 4779 videntur
258 4722 363 4777 litterae.
380 4721 514 4777 Pictorum
531 4736 592 4777 cam
612 4719 723 4787 videris,
735 4720 786 4777 hoc
806 4730 846 4777 cst
866 4730 906 4777 to-

110 4824 162 4871 tum
175 4816 288 4881 vidisse,
304 4814 427 4870 laudasse
445 4830 451 4869 :
469 4813 571 4869 litteras
584 4828 645 4870 cum
659 4814 767 4881 videris,
783 4828 837 4869 non
854 4812 906 4871 hoe

110 4916 148 4963 est
165 4916 270 4972 totum;
288 4904 414 4976 quoniam
433 4905 613 4961 commoneris
635 4913 663 4961 et
684 4904 782 4977 legere.
799 4904 905 4961 Etenim

110 4999 184 5067 dicis,
196 5014 260 5055 cam
276 4996 374 5053 videris
388 4996 503 5063 litteras,
516 4995 627 5055 stiorie
648 5012 701 5051 non
721 5010 767 5052 eas
781 4994 852 5051 nosti
864 4995 904 5051 le-

701 350 1019 414 rheumatismi.
1040 357 1154 419 CAPUT
1173 358 1220 419 Vi.

1689 374 1760 440 idol

969 475 1030 547 quia
1045 477 1174 538 murinus
1187 484 1214 539 in
1229 492 1320 540 monte
1332 482 1449 543 Verbum
1466 490 1508 545 ett
1522 488 1551 544 ln
1564 485 1630 545 alto.
1643 488 1762 552 Pminde

969 584 1022 625 non
1033 573 1108 642 qnasi
1121 572 1258 633 humiliter
1266 576 1337 647 jacet
1354 579 1426 651 quod
1443 580 1472 637 iu
1485 590 1578 638 monte
1589 581 1688 640 lactum
1701 594 1761 653 erig

968 676 1019 717 nec
1029 671 1197 723 transeunter
1207 670 1421 739 praetereundum
1428 681 1480 739 est,
1492 675 1539 730 sed
1551 676 1760 746 suspiciendum.

968 756 1073 817 'larbas
1079 760 1155 830 vidit,
1168 764 1317 821 esurientes
1328 766 1444 839 agnovit,
1454 767 1663 826 misericorditer
1673 770 1760 843 pavit:

967 868 1023 909 uon
1035 855 1121 911 solum
1133 872 1183 927 pro
1195 857 1323 927 bonitate,
1334 876 1428 916 verum
1448 861 1529 917 etiam
1550 878 1600 933 pro
1617 870 1759 936 potestate.

967 943 1036 1014 Qum
1048 947 1119 1004 enim
1127 949 1183 1004 sola
1198 950 1336 1019 prodesset
1348 951 1464 1018 bonitas,
1476 953 1521 1009 ubi
1533 969 1586 1011 non
1599 963 1658 1011 erat
1669 957 1758 1028 panis,

967 1039 1037 1096 unde
1053 1041 1131 1097 turba
1143 1042 1265 1100 esuriens
1277 1046 1447 1116 pasceretur?
1461 1045 1518 1102 Nisi
1529 1046 1642 1104 bonitati
1654 1047 1760 1106 adesset

966 1140 1095 1201 potestas,
1108 1133 1199 1207 jejuna
1211 1135 1256 1191 iila
1270 1137 1346 1193 turba
1359 1147 1387 1193 et
1399 1140 1520 1195 esuriens
1532 1150 1692 1198 remaneret.
1707 1142 1760 1199 De·

965 1221 1046 1294 nique
1057 1232 1085 1281 et
1098 1226 1218 1299 discipuli
1232 1228 1278 1299 qui
1292 1237 1369 1285 erant
1386 1246 1447 1285 cnm
1465 1230 1579 1288 Domino
1596 1232 1622 1288 in
1636 1234 1716 1301 lame,
1731 1240 1760 1291 et

965 1313 1015 1387 ipsi
1025 1316 1117 1373 turbas
1124 1318 1248 1375 volebant
1255 1331 1408 1392 pascerent
1415 1338 1468 1379 non
1475 1324 1757 1394 remanerentinartes,

964 1408 1011 1463 sed
1027 1409 1096 1465 unde
1116 1420 1257 1481 pascerent
1279 1428 1333 1468 non
1355 1412 1499 1470 habebant.
1515 1414 1758 1487 interrogavitllo-

963 1498 1054 1557 minus
1068 1501 1139 1557 uude
1159 1512 1313 1559 emerentur
1332 1519 1417 1576 panes
1438 1505 1472 1562 ad
1495 1506 1587 1563 turbas
1598 1506 1756 1578 pascendas.

964 1592 997 1649 tu
1010 1594 1048 1649 ait
1065 1594 1213 1669 Scriptura,
1229 1596 1286 1653 lloc
1301 1609 1386 1655 autem
1398 1598 1496 1655 dicebam
1514 1609 1611 1656 tenum
1629 1616 1686 1657 eam
1696 1599 1756 1656 :di-

962 1685 1094 1757 scipulum
1117 1689 1219 1745 scilicet
1246 1690 1408 1763 Philippum,
1429 1708 1508 1765 quem
1532 1693 1756 1765 interrogaverat.

962 1777 1025 1850 ipae
1044 1781 1112 1836 enim
1127 1783 1220 1839 aciebut
1239 1784 1301 1852 quid
1322 1792 1384 1840 earet
1406 1789 1530 1855 facturus.
1541 1784 1591 1840 Cui
1608 1800 1673 1855 ergo
1686 1783 1759 1841 hotto

962 1871 1092 1939 tentabat,
1109 1872 1161 1930 nisi
1182 1874 1243 1947 qnia
1264 1876 1441 1948 ignorantiam
1454 1876 1578 1948 discipuli
1590 1876 1759 1933 demonstra-

961 1963 1069 2021 batliit
1083 1965 1151 2023 iorte
1170 1967 1197 2023 in
1216 1968 1446 2027 demonstratione
1459 1970 1615 2041 ignorantiae
1634 1967 1757 2041 discipuli

961 2056 1061 2127 aliquid
1082 2058 1253 2129 significavit.
1268 2061 1414 2133 Apparebit
1433 2075 1507 2133 crgo,
1522 2077 1584 2117 cum
1602 2062 1689 2133 ipsum
1710 2074 1758 2117 sa·

961 2157 1127 2203 crementum
1140 2148 1174 2205 de
1188 2150 1305 2221 quinque
1319 2153 1433 2221 panibus
1444 2152 1557 2223 coeperit
1576 2152 1653 2209 nobis
1669 2150 1755 2223 inqui,

961 2240 1064 2312 etquid
1079 2241 1211 2312 signilicct
1229 2242 1347 2300 indicare
1358 2260 1365 2297 :
1377 2243 1414 2300 ibi
1426 2244 1498 2301 enim
1511 2243 1660 2301 videbimus
1673 2255 1757 2315 qnare

962 2332 1091 2389 ilominus
1104 2333 1131 2388 in
1144 2334 1196 2390 hoc
1209 2333 1278 2391 iacto
1292 2334 1468 2406 ignorantiam
1480 2334 1604 2405 discipuli
1616 2334 1701 2390 voluit
1712 2334 1756 2391 ia·

961 2426 1121 2496 terrogando
1144 2427 1215 2497 quod
1231 2427 1342 2495 sciebat,
1359 2428 1511 2483 ostendere.
1526 2426 1594 2482 Nam
1608 2426 1758 2496 interroga·

962 2532 1021 2571 mus
1033 2517 1176 2587 aliquando
1187 2518 1259 2589 quod
1271 2517 1416 2585 nescimus,
1433 2517 1526 2574 audire
1539 2517 1661 2573 volentes
1672 2526 1702 2572 ut
1715 2514 1757 2572 dl·

960 2609 1242 2681 scanms3a1iquando
1263 2610 1457 2681 interrogamus
1475 2609 1547 2682 qnod
1559 2609 1668 2676 scimus,
1686 2608 1757 2665 scire

963 2701 1085 2758 volentes
1109 2710 1198 2757 utrum
1223 2711 1251 2757 et
1276 2701 1323 2758 ille
1344 2704 1412 2759 sciat
1439 2717 1519 2773 quem
1543 2702 1756 2771 interrogamoat

960 2801 1105 2865 utrumque
1123 2794 1175 2851 hoc
1189 2804 1301 2851 noverat
1314 2794 1464 2862 Dominus,·
1481 2801 1510 2848 et
1523 2791 1594 2864 quod
1608 2792 1757 2863 intorroga-

960 2886 1007 2941 bat
1020 2888 1130 2954 sciebat,
1142 2887 1205 2958 quid
1217 2887 1289 2945 enim
1302 2895 1374 2944 esset
1385 2887 1502 2943 iacturas
1515 2885 1573 2956 ipse
1585 2891 1710 2952 noverat;
1723 2888 1752 2939 et

960 2978 1012 3035 hoc
1024 2980 1128 3037 nescire
1138 2980 1289 3051 Philippum
1303 2979 1405 3037 sciebat
1415 2979 1547 3036 similiter.
1561 2976 1650 3046 Quare
1664 2978 1754 3049 itaque

961 3069 1154 3141 interrogabat,
1182 3072 1232 3127 nisi
1258 3072 1321 3141 quia
1346 3070 1417 3127 illins
1438 3068 1616 3141 ignorantiam
1640 3066 1754 3123 demon·

960 3162 1081 3219 strabatt
1095 3162 1129 3217 lit
1140 3162 1192 3219 boo
1205 3178 1289 3234 quare
1303 3161 1408 3227 iecerit,
1421 3172 1452 3219 ut
1464 3160 1535 3229 dixi,
1550 3168 1644 3232 postea
1655 3157 1754 3215 intelll-

958 3270 1062 3325 gemus.

995 3346 1023 3401 l.
1038 3345 1154 3401 Andreas
1166 3345 1203 3401 eit
1216 3363 1225 3401 .·
1237 3344 1285 3400 mi
1297 3345 1338 3401 tte
1353 3362 1417 3417 pater
1430 3345 1534 3415 quidum
1545 3344 1589 3417 qui
1599 3342 1672 3398 hebet
1682 3340 1756 3415 quir·

959 3454 1008 3507 que
1019 3454 1105 3509 penes,
1118 3446 1142 3494 et
1159 3438 1223 3494 duos
1241 3439 1338 3510 piscem·
1350 3438 1395 3494 aed
1406 3437 1461 3493 hoec
1472 3437 1533 3509 quid
1545 3447 1604 3493 aaut
1613 3436 1647 3491 ud
1656 3434 1758 3490 tamor?

958 3526 1026 3586 Cum
1040 3529 1151 3587 dixisset
1163 3530 1301 3603 Philippos
1314 3532 1504 3602 interrogatus,
1519 3529 1694 3586 ducentorum
1707 3527 1756 3583 dc·
1787 3548 1789 3553 ·

960 3620 1096 3675 uariorum
1108 3635 1190 3691 panes
1203 3636 1257 3676 non
1271 3619 1405 3687 stilliccre,
1419 3619 1516 3693 quibus
1529 3626 1602 3674 tanta
1616 3616 1661 3673 illa
1677 3617 1755 3673 turba

959 3710 1126 3778 reficeretur,
1139 3721 1197 3767 erat
1208 3710 1246 3765 ibi
1260 3711 1367 3782 quidam
1382 3726 1450 3782 puer
1460 3718 1569 3782 portans
1579 3708 1696 3779 quinque
1706 3722 1755 3775 pa-

959 3819 1007 3859 nes
1028 3803 1192 3859 hordeaceos
1214 3814 1242 3858 et
1262 3802 1330 3859 duos
1350 3803 1448 3875 pisces.
1466 3801 1498 3856 Ει
1511 3802 1548 3855 eit
1560 3796 1756 3855 desturbatis

959 3893 1073 3949 bouvines
1085 3894 1249 3949 discumbere.
1263 3893 1327 3949 Erat
1341 3908 1425 3949 eutem
1444 3893 1479 3949 itt
1493 3896 1579 3965 [esum
1598 3891 1715 3957 multam,
1730 3896 1755 3943 el

959 3986 1138 4040 discubuerunt
1148 3985 1226 4056 [mute
1234 3985 1434 4058 quinquemillia
1446 3982 1586 4039 bertuinum.
1596 3981 1697 4054 Accepit
1706 3998 1754 4035 ott-

959 4087 1009 4134 tem
1027 4076 1152 4134 Dominus
1166 4076 1242 4133 Jeaua
1257 4095 1346 4149 patrea,
1366 4077 1463 4150 gratius
1482 4077 1541 4149 egit,
1564 4074 1654 4147 jussit,
1677 4070 1755 4129 fracti

959 4181 1022 4228 sunt
1037 4187 1129 4242 panes,
1144 4171 1222 4243 positi
1235 4180 1297 4226 ante
1309 4169 1519 4227 discumbentes.
1536 4166 1596 4223 Non
1607 4167 1664 4238 jam
1679 4166 1757 4237 quin·

959 4280 1012 4337 que
1036 4281 1130 4337 panes,
1144 4263 1191 4321 scd
1212 4262 1285 4337 quod
1306 4263 1449 4335 adjecerat,
1464 4262 1510 4334 qui
1528 4267 1666 4318 creaverat
1684 4256 1756 4331 quod

958 4363 1145 4413 auctumcrat.
1159 4354 1193 4411 m
1206 4357 1238 4411 de
1262 4356 1371 4427 piscibus
1392 4362 1515 4425 quartum
1534 4352 1680 4425 sufficiehat.
1702 4348 1756 4406 Pa·

959 4464 1018 4503 rum
1046 4457 1088 4505 est
1110 4447 1214 4504 turbam
1237 4448 1310 4502 iilam
1337 4446 1418 4502 inisse
1435 4446 1568 4515 satiatam,
1596 4444 1676 4500 etiarn
1698 4441 1755 4497 ira·

958 4549 1066 4611 gmenta
1077 4538 1234 4596 resederunt
1246 4558 1252 4594 :
1264 4548 1292 4595 et
1304 4539 1360 4610 ipsa
1372 4538 1460 4611 colligi
1476 4537 1548 4608 jussa
1559 4544 1630 4603 sunt,
1648 4551 1681 4592 ne
1691 4550 1755 4606 per·
1855 4606 1860 4613 Ι

959 4632 1044 4699 irent,
1060 4640 1084 4686 et
1109 4630 1275 4701 impleverunt
1298 4629 1433 4685 duodecim
1458 4629 1580 4703 cophinos
1596 4625 1754 4700 sroqoieuto·

958 4738 1021 4869 ηυξ.
1045 4811 1167 4868 Breviter
1187 4820 1217 4868 nt
1235 4825 1391 4882 curramus,
1414 4813 1531 4885 quinque
1550 4822 1634 4883 panes
1652 4805 1754 4865 intelli·

958 4916 1058 4978 guntur
1070 4905 1187 4977 quinque
1201 4904 1262 4961 libri
1274 4904 1359 4977 liogai
1376 4923 1383 4960 :
1397 4904 1493 4961 itterito
1506 4918 1560 4960 non
1575 4900 1687 4968 triticei,
1705 4902 1754 4957 sed

960 4997 1121 5064 hordeacei;
1145 4998 1207 5069 quia
1229 4997 1262 5053 ad
1287 4998 1370 5055 Vetus
1388 4996 1588 5054 Testamentum
1608 4994 1753 5066 pertinent.

110 5092 452 5165 gere,Quidputamusesse
459 5092 529 5163 quod
539 5088 905 5159 hicscriptumestilntcrro·
959 5088 1048 5144 Nostis
1061 5098 1150 5145 autem
1164 5088 1292 5146 hordeum
1308 5090 1344 5145 ita
1358 5098 1491 5157 creatum,
1512 5097 1542 5145 ut
1557 5086 1590 5143 ad
1610 5086 1754 5145 medullam

111 5202 154 5256 gas
167 5184 233 5259 quid
247 5183 293 5253 sit,
310 5199 372 5241 cum
394 5184 450 5255 iam
464 5182 554 5239 videas
573 5180 684 5252 aliquid.
699 5180 780 5237 aliud
796 5180 842 5237 tibi
856 5179 905 5237 de·
956 5180 1018 5253 ejus
1030 5180 1073 5236 via
1094 5182 1285 5253 perveniatur:
1301 5184 1413 5238 vestitur
1429 5183 1501 5237 enim
1521 5180 1615 5237 eadem
1636 5176 1754 5236 medulla

111 5286 307 5337 monstraturus
319 5286 371 5343 est,
387 5291 402 5331 a
416 5291 469 5347 quo
483 5274 581 5345 queris
595 5286 740 5344 agnoscere
754 5272 825 5343 quod
837 5270 905 5327 vidi·
959 5273 1075 5345 tegmine
1088 5274 1189 5345 palca,
1204 5274 1301 5345 etipsa
1316 5274 1393 5346 palea
1407 5280 1486 5330 tenax
1505 5282 1532 5329 et
1550 5272 1703 5337 inbaercns,
1723 5276 1756 5327 ut

111 5368 407 5427 su.ttiosi11eocutos
425 5369 516 5436 babet,
529 5368 597 5422 aiios
619 5375 657 5421 tu.
675 5366 768 5421 Nonne
783 5364 906 5419 similiter
959 5382 1021 5425 eum
1035 5366 1129 5423 labore
1143 5378 1265 5425 eruatur.
1285 5368 1359 5425 'Palis
1376 5376 1417 5425 est
1437 5367 1525 5422 littera
1539 5364 1644 5421 Veteris
1656 5362 1756 5421 Testa·

112 5466 198 5535 apices
224 5461 339 5520 videtis?
359 5460 412 5517 Sed
432 5477 484 5516 non
501 5460 625 5517 similiter
639 5460 714 5531 signa
734 5458 903 5529 cognoscitis.
960 5464 1054 5529 menti,
1068 5466 1162 5521 vestita
1176 5465 1336 5536 tegminibus
1348 5464 1494 5521 camaliam
1507 5470 1753 5519 sacramentorum·

112 5556 149 5613 Tu
163 5574 229 5629 ergo
238 5557 313 5613 vides
322 5566 350 5611 ct
360 5554 451 5609 laudas
463 5572 469 5609 ι
482 5554 525 5609 illc
538 5552 618 5621 videt,
630 5552 728 5616 invidat,
745 5552 809 5621 legit
821 5560 848 5607 ct
862 5552 904 5607 in·
960 5554 1007 5611 scd
1022 5559 1045 5614 si
1058 5558 1091 5613 ad
1104 5558 1162 5629 ejus
1175 5558 1319 5615 medullam
1333 5558 1512 5629 perveniatur,
1527 5556 1612 5628 pascit
1624 5564 1652 5611 ct
1664 5554 1754 5611 satiat.

113 5651 215 5722 telligit.
227 5650 294 5717 Quia
308 5662 373 5719 eigo
385 5647 508 5717 vidimus,
520 5647 580 5715 quia
595 5644 770 5711 laudavimus,
786 5644 905 5715 legamus
960 5648 1076 5705 Ferebat
1098 5667 1162 5721 ergo
1184 5667 1250 5722 puer
1270 5650 1378 5721 quidam
1399 5649 1516 5720 quinque
1536 5663 1621 5719 panes
1641 5656 1668 5702 et
1687 5646 1755 5703 duos

114 5752 138 5798 ct
147 5742 338 5813 intelligamus.
960 5742 1058 5815 pisces.
1075 5744 1104 5801 Si
1119 5758 1268 5816 queramus
1282 5741 1342 5815 quis
1356 5742 1436 5798 luerit
1449 5757 1516 5814 puer
1529 5742 1596 5809 iste,
1618 5738 1686 5795 loric
1703 5750 1757 5809 po·

146 5834 173 5895 d.
187 5833 319 5903 Patareus
341 5826 371 5891 iu
391 5841 500 5895 moute:
515 5832 600 5892 multo
618 5828 705 5909 magis
726 5824 905 5905 intelligamus
961 5835 1041 5909 putus
1058 5834 1141 5896 lsrael
1159 5845 1218 5896 crat
1230 5854 1237 5894 :
1250 5850 1333 5896 sensu
1347 5834 1441 5911 puerili
1451 5834 1590 5910 portabat,
1611 5844 1663 5892 uec
1676 5842 1759 5902 utne
