4000 6359
235 328 308 394 2le

238 448 272 503 tls
296 456 400 515 tempus
421 443 562 502 consumit.
589 443 712 499 tranen
733 440 791 497 baec
817 439 945 499 dicentes.
971 452 1025 493 non

236 531 300 574 essu
313 516 442 572 accidisse
453 530 588 571 murorum
600 514 708 571 iericho
720 513 834 578 ruinam,
845 509 1025 575 ostendimns;

237 587 285 645 sed
300 602 349 643 uec
363 595 455 643 contra
474 594 592 641 catinam
604 586 672 640 sicut
685 582 784 653 aliquid
799 582 826 637 in
840 580 974 638 miraculis
987 576 1028 633 la·

185 726 193 735 .
236 666 309 715 etum
328 658 509 713 ostendemus.
532 656 589 711 lioe
603 656 673 709 enim
698 655 766 711 sicut
787 662 814 709 et
835 662 930 707 catera
946 648 1028 707 mini-

238 729 317 784 strari
326 728 446 798 angelico
455 742 536 795 opere
544 726 750 797 designavimus,
760 724 807 781 Dei
816 722 892 794 iussu
903 721 1028 779 ellectum

239 800 321 855 luisse
333 814 385 855 noo
399 799 560 854 dubitamus

237 904 350 963 CAPUT
368 905 414 962 itt.
424 904 509 962 -De
527 905 580 963 sole
590 914 616 1031 gt
633 904 696 959 lene
708 874 878 959 rinmtiir'nt
892 902 1028 973 imperium

610 992 680 1032 ome.

274 1080 340 1137 Post
350 1079 401 1138 troc
412 1093 517 1147 euenire
533 1078 742 1134 chananaeorum
756 1074 872 1143 quinque
883 1072 990 1139 regibus
1001 1070 1028 1126 in

238 1166 320 1207 ιιιιιιιιι
333 1150 499 1219 congregatis
509 1158 538 1204 nt
557 1156 703 1217 pugnarent
714 1145 841 1199 adversus
856 1143 924 1197 lilios
937 1141 1028 1207 lsrael,

225 1238 299 1276 cum
314 1238 346 1276 ex
366 1221 478 1276 adverso
495 1220 671 1275 miscerentur
690 1217 825 1277 cobortes,
839 1223 866 1268 et
879 1212 987 1267 victoria
1001 1212 1028 1266 in

239 1292 286 1347 Ilei
300 1292 387 1362 populi
403 1300 503 1359 partem
520 1290 687 1349 concederet,
704 1286 782 1342 iesus
794 1285 864 1339 iilius
881 1283 939 1337 Nnn
958 1282 1030 1349 prin·

239 1377 303 1429 ceps
321 1362 408 1432 populi
425 1362 504 1415 lsrael
517 1360 567 1415 soli
578 1361 603 1412 in
618 1357 706 1412 medio
718 1356 761 1411 die
774 1355 900 1423 pracepit
912 1365 941 1407 ut
954 1368 987 1407 nc
999 1367 1030 1408 se

225 1442 367 1491 'moveret
381 1443 408 1485 et
422 1432 492 1485 lunae
504 1430 546 1483 ulii
562 1430 647 1482 inierat
661 1436 753 1491 staret,
768 1425 856 1481 donec
868 1440 898 1480 se
917 1423 962 1477 bei
983 1438 1030 1491 po-

239 1505 315 1573 patin
326 1503 482 1558 de'inimicis
492 1499 646 1559 vindicaret,
658 1496 728 1567 quod
740 1508 766 1551 ct
783 1498 879 1550 lactum
897 1503 946 1547 cst.
962 1494 1028 1549 Nam

240 1574 278 1629 sol
295 1574 361 1627 dnos
373 1572 466 1627 diesin
481 1586 533 1624 nno
544 1569 684 1631 conclusit,
697 1576 725 1623 et
736 1568 795 1621 luna
811 1564 863 1620 diei
877 1567 962 1633 spatio
976 1580 1029 1620 nou

239 1644 363 1698 occurrit.
377 1640 406 1696 ln
426 1658 476 1708 oua
487 1640 608 1710 jussione
626 1654 679 1693 uon
695 1637 801 1692 lniniani
818 1636 920 1705 imperii
937 1644 1031 1690 aucto-

239 1715 317 1769 ritate
330 1713 469 1767 luminaria
486 1712 664 1779 requiescunt.
681 1708 728 1762 sed
750 1706 852 1761 liomiui
874 1706 1031 1773 imperantis

239 1793 270 1839 ut
282 1792 391 1846 starent,
401 1782 485 1851 jussui
500 1780 635 1835 obediunt.
649 1777 719 1833 Niliil
732 1778 802 1833 enirn
816 1786 924 1843 propter
934 1776 1046 1842 jriiien·x

241 1856 274 1910 tis
289 1854 403 1909 bominis
421 1852 531 1907 verbum
555 1851 600 1905 llei
620 1858 749 1905 creatura
770 1849 878 1911 iaciunt,
897 1846 944 1901 sed
959 1844 1030 1915 uirod

240 1925 368 1981 Dominus
387 1924 455 1979 servi
478 1923 519 1978 sui
541 1921 653 1977 orationi
673 1919 800 1974 obediens
821 1918 1031 1983 praecaturiae

240 1994 367 2051 cilicium.
381 1994 425 2049 Sic
443 1994 513 2047 enirn
549 1992 706 2047 erscribit-ur
720 2006 727 2043 :
744 1988 791 2042 Sol
802 1988 869 2043 stetit
878 1996 966 2041 contro
978 1984 1031 2041 Ga-

240 2065 319 2125 baon,
333 2074 356 2118 et
370 2065 431 2119 irino
445 2064 479 2118 ud
490 2008 579 2117 ιιιὶῗιιιι
598 2060 703 2123 Halon,
716 2058 843 2113 obediente
857 2058 964 2112 Domino
978 2058 1032 2111 uoci

232 2134 451 2205 'iiominis(.lostte
470 2150 500 2201 x,
515 2133 620 2200 tb-tt).
642 2130 681 2185 Ex
695 2146 748 2189 tilio
766 2130 923 2197 intelligitur
947 2129 1030 2182 licum

242 2221 379 2261 servornm
391 2219 498 2259 ariorum
512 2202 635 2274 precibus
648 2200 767 2263 obedire,
788 2208 814 2255 et
827 2200 859 2254 ad
873 2212 964 2254 eornm
980 2213 1031 2252 no·

240 2276 392 2330 cessitatem
409 2284 546 2329 creaturas
562 2287 624 2326 siras
636 2272 954 2339 oppormne'gubernare.
970 2268 1033 2324 limo

242 2344 413 2399 luminarium
426 2358 499 2398 mora
519 2341 583 2396 niliil
605 2355 702 2397 novum
725 2340 750 2395 in
772 2351 865 2395 natura
886 2339 1031 2404 commisit,

241 2416 292 2477 etsi
307 2416 333 2475 iii
347 2413 494 2476 miiiisierto
512 2412 609 2485 aliquid
622 2414 723 2467 varium
742 2410 870 2467 ostendit.
884 2408 937 2465 Sed
949 2418 976 2463 ιι
987 2409 1032 2463 illa

242 2492 355 2545 uarietas
376 2490 441 2545 nibil
466 2489 492 2542 ixi
509 2486 570 2541 anni
592 2501 671 2540 cursu
697 2490 725 2537 et
744 2482 906 2550 reliquorum
928 2480 1031 2534 dierum

242 2559 394 2623 commonit,
410 2558 473 2614 duin
487 2558 585 2622 pariter
597 2556 638 2609 sol
658 2562 686 2608 et
702 2553 764 2607 linia
786 2550 991 2619 tnnimouoduue
1006 2551 1032 2605 iu

243 2646 291 2687 suo
302 2630 395 2685 ordine
409 2627 547 2698 requierit.
564 2626 590 2682 Si
604 2626 674 2681 enim
688 2638 770 2678 unum
790 2622 919 2677 luminare
940 2635 1033 2675 curre·

242 2710 292 2764 ret,
319 2700 382 2755 dum
406 2699 518 2753 alterum
541 2696 646 2753 interim
668 2695 854 2763 rcrpriescurei,
878 2692 981 2746 dierum
1006 2699 1034 2745 et

243 2771 373 2827 mensium
392 2780 419 2823 ιι
437 2782 565 2825 annorum
583 2773 717 2821 assuetum
730 2778 836 2819 cursum
851 2762 1031 2817 conturbaret.

243 2840 310 2895 unm
324 2851 410 2895 antem
422 2847 562 2907 utrumque
575 2852 675 2890 moram
688 2834 756 2887 lianc
769 2832 870 2897 babuit,
882 2832 956 2901 qriasi
972 2840 1034 2901 post

242 2920 399 2967 consitutum
424 2909 494 2963 diem
517 2908 543 2961 in
569 2920 679 2961 nccasns
705 2905 746 2959 snt
768 2904 878 2958 limitem
906 2903 1033 2969 perrexit.

242 2980 300 3037 Non
321 2982 391 3035 enim
410 2978 479 3047 ettad
494 2977 527 3032 ad
543 2976 604 3031 lirlli
620 2974 839 3030 illuminationem
855 2972 916 3028 luna
929 2981 993 3026 tunc
1006 2972 1033 3027 in

242 3051 383 3123 praeseutia
396 3050 460 3105 solis
482 3046 632 3117 proliceret,
654 3054 726 3101 stare
747 3044 909 3112 imperatum
933 3042 980 3097 scd
999 3058 1034 3098 ne

243 3121 306 3191 quiid
320 3122 346 3174 in
361 3134 478 3189 congruo
489 3117 656 3172 luminarium
670 3122 756 3171 meatu
772 3128 819 3183 per
828 3114 905 3168 unius
916 3113 1035 3179 ouietem

243 3202 270 3247 et
279 3192 387 3246 alterius
395 3205 500 3245 cursum
509 3188 701 3243 destrueretur.
713 3183 765 3241 Sed
774 3183 898 3247 niioniam
911 3192 938 3236 ct
952 3184 1034 3237 maris

245 3276 353 3316 cursum
376 3260 461 3316 lunari
486 3258 685 3314 convenientem
712 3269 771 3309 csse
791 3256 816 3308 in
836 3254 959 3308 omnibus
975 3252 1034 3307 eri-

245 3331 339 3385 denter
357 3330 571 3387 monstravimus.
587 3338 614 3383 et
634 3328 706 3381 iilum
723 3334 784 3379 tnnc
796 3323 969 3393 requievisse,
983 3322 1035 3378 etsi

244 3400 388 3471 Scripturas
405 3400 513 3455 vocilius
534 3400 669 3463 reticetur,
688 3410 776 3451 iionne
797 3396 854 3461 ipse
867 3394 969 3448 illarum
988 3409 1034 3448 ιι-

245 3487 303 3527 rum
319 3472 472 3541 pronuntiat
488 3468 660 3524 observabilis
681 3464 863 3521 commeatus?
884 3464 956 3517 Luna
970 3479 1035 3518 vero

245 3557 298 3598 non
311 3551 411 3597 tantum
426 3542 453 3595 in
468 3539 517 3594 bac
530 3538 643 3594 statione
658 3536 826 3604 requieverit,
840 3534 885 3589 scd
904 3542 931 3587 et
946 3532 1035 3588 incre-

245 3614 327 3668 menti
340 3612 380 3666 vel
393 3611 554 3667 decrementi
568 3610 608 3663 sui
622 3608 728 3662 interim
740 3604 957 3661 consuetudinem
972 3620 1035 3673 age-

245 3698 275 3739 re
290 3699 341 3737 noo
363 3682 457 3751 potitii.
480 3680 507 3736 Si
532 3680 602 3734 onim
616 3678 679 3732 dnm
694 3677 768 3733 stetit
781 3677 852 3737 luna,
874 3674 933 3729 licet
948 3682 1033 3740 stans,

245 3768 292 3808 sua
312 3754 473 3809 incrementa
493 3751 535 3805 iel
557 3750 725 3805 decrementa
748 3754 854 3815 ageret;
871 3744 934 3799 illnd
949 3746 1037 3799 incre-

246 3833 364 3879 mentum
379 3824 472 3877 lunare
483 3821 551 3875 ultra
562 3819 627 3874 solis
641 3832 747 3873 cursum
762 3817 787 3869 in
802 3816 937 3885 cyclorum
951 3814 1035 3867 ratin-

245 3894 323 3950 nibus
336 3893 434 3963 aliquid
457 3890 582 3945 turbaret.
605 3889 670 3943 lirim
684 3902 749 3941 vero
767 3884 832 3939 niliil
851 3886 876 3938 in
896 3884 987 3941 circuli
1007 3884 1035 3939 in

246 3979 276 4019 se
294 3963 451 4019 revertentis
462 3976 543 4017 cursu
562 3958 621 4014 dies
638 3958 682 4013 illa
697 3956 775 4015 solito
796 3956 898 4027 longior
912 3954 1033 4023 proibuit,

246 4042 310 4087 tunc
328 4032 494 4087 maniiestum
514 4040 565 4094 est,
579 4029 649 4098 quod
671 4028 696 4082 in
719 4026 761 4080 illa
775 4026 978 4095 sapormnienic
989 4040 1046 4077 ue·¹

246 4116 333 4170 spera,
357 4103 434 4156 nnius
452 4100 503 4157 dici
526 4100 718 4155 incrementum
739 4097 812 4159 luna,
827 4096 894 4151 sient
916 4092 1036 4161 quotidie

247 4171 325 4235 solet,
337 4171 427 4241 gessit.
442 4169 476 4225 Ut
486 4172 557 4223 enim
571 4168 622 4222 boc
638 4166 785 4221 manifestis
802 4164 1036 4225 amrnbationibus

248 4250 347 4311 pateat,
361 4240 495 4311 cyclorum
509 4240 587 4293 eiiam
603 4237 636 4291 ab
655 4236 729 4291 initio
748 4234 847 4290 coinliti
861 4234 933 4289 orliis
946 4249 1036 4289 recur-

247 4324 293 4366 sus
305 4310 331 4365 iri
344 4325 373 4365 sc
385 4310 502 4365 lireviter
515 4307 675 4378 digeremus,
688 4320 755 4375 uiros
768 4320 873 4375 semper
886 4313 946 4372 past
959 4305 1036 4373 qiiin·

246 4389 341 4507 'gentos
359 4380 465 4451 triginta
478 4378 545 4433 diros
566 4392 660 4439 annos,
684 4377 741 4431 sale
762 4386 791 4429 nt
811 4377 837 4429 iu
854 4375 993 4443 principio,
1009 4386 1036 4431 et

258 4467 307 4506 una
323 4451 470 4515 peremnia
485 4446 712 4510 conuenientibus,
727 4446 806 4501 millis
820 4445 1036 4501 sulivcnientilms

248 4521 454 4590 impedimentis,
474 4521 501 4575 in
516 4519 540 4574 id
554 4517 624 4574 unde
641 4524 786 4587 coeperant,
801 4514 890 4572 rcdlre
909 4515 1036 4571 ostende·

246 4592 431 4660 musonium
449 4606 562 4661 namque
581 4589 684 4659 cyclon
705 4587 795 4659 mundi
812 4586 949 4656 principio,
965 4601 1036 4643 anno

246 4663 393 4720 contesimo
432 4672 507 4717 nario
526 4660 640 4719 decimo,
654 4658 779 4729 generale
798 4661 878 4713 totius
892 4656 982 4711 mundi
995 4654 1036 4712 di·

247 4734 347 4790 luvinm
361 4733 410 4789 sub
446 4748 479 4787 oc
492 4730 575 4795 venit,
590 4729 635 4799 qui
646 4738 706 4801 post
719 4728 846 4785 diluvium
860 4726 1037 4797 tpiadringcri·

247 4806 343 4859 tosimo
364 4803 467 4859 decimo
489 4811 583 4858 octavo
601 4816 670 4854 anno
696 4798 793 4855 deiecit
814 4816 821 4851 ε
840 4809 868 4853 ιι
886 4798 948 4852 inde
968 4797 1036 4853 alius

248 4873 388 4945 incipiens,
410 4873 435 4929 id
458 4883 509 4939 est,
533 4880 634 4933 sextus,
658 4870 684 4923 in
708 4880 801 4925 octauo
822 4868 907 4923 artatis
922 4867 1036 4922 Abrabae

248 4959 319 4999 anno
337 4944 436 5000 dniiur.
457 4944 490 4999 Et
506 4957 577 4998 nono
598 4942 655 5009 eius
667 4955 737 4994 anno
750 4939 878 5005 septimus
896 4938 1034 5007 incipiens,

248 5015 383 5084 trigesimo
404 5014 496 5085 quinto
513 5027 583 5066 aiinn
600 5011 759 5081 egressionis
776 5008 889 5063 liliorum
905 5009 984 5063 lsrael
1001 5010 1037 5064 de

248 5083 377 5155 AEgypto,
393 5084 572 5154 utrinqucrinio
593 5092 654 5136 ante
672 5090 784 5135 mortem
804 5079 886 5149 lloysi
901 5079 1037 5134 concludi·

249 5164 301 5210 tur.
324 5155 386 5209 l‘ost
406 5169 484 5224 oriem
506 5164 627 5216 octavus,
649 5152 674 5205 iu
690 5164 742 5219 uiro
756 5159 798 5205 cst
811 5150 875 5205 illud
889 5152 991 5219 signum
1009 5150 1034 5203 iu

248 5225 305 5280 sole
319 5235 347 5280 et
360 5224 420 5280 luna
436 5222 545 5291 dictum,
558 5223 692 5293 trigesimo
704 5229 779 5276 sexto
794 5236 862 5275 anno
876 5221 1036 5291 egressionis

248 5292 331 5351 lsrael
348 5296 383 5351 de
397 5292 513 5367 AEgypto
534 5294 673 5364 incipiens,
692 5291 718 5345 in
739 5290 901 5357 trigesimum
922 5292 1034 5357 primum

248 5380 347 5423 annum
363 5367 422 5422 Asc
442 5366 514 5437 regis
534 5362 600 5419 inda
621 5362 723 5418 incidit.
742 5362 827 5433 Ciijns
844 5360 979 5431 trigesimo
992 5374 1036 5415 se-

248 5436 336 5494 cundo
348 5450 418 5493 anuo
430 5452 517 5492 nonus
528 5434 665 5490 exordium
678 5432 798 5503 capiens,
813 5433 839 5487 in
854 5446 906 5500 ouo
925 5440 952 5485 et
963 5429 1034 5484 alind

248 5508 352 5580 signnm
366 5508 392 5561 in
406 5508 471 5573 sole,
487 5505 607 5563 Earscbiae
620 5505 690 5576 regis
700 5512 830 5572 tempore,
845 5502 878 5557 de
892 5514 944 5569 uuo
957 5500 1036 5570 rianio

249 5588 309 5648 pust
320 5576 450 5645 dicemus,
463 5576 561 5633 lactum
576 5576 680 5647 legitur,
694 5574 840 5630 centesimo
857 5582 950 5627 occino
964 5585 1035 5625 anno

248 5658 309 5721 post
324 5651 416 5719 templi
430 5649 658 5714 restaurationem,
675 5662 735 5718 ιιι
745 5649 794 5703 sub
809 5649 889 5702 llario
902 5647 970 5701 iacta
982 5650 1035 5710 est,

250 5721 291 5777 sui
316 5735 409 5775 cursus
430 5720 545 5789 spatium
566 5720 783 5773 consummavit:
807 5719 892 5775 donec
914 5716 1037 5772 decimus

252 5789 316 5853 inde
334 5790 425 5847 orieris
446 5789 619 5860 nonagesimo
635 5790 753 5845 secumo
766 5804 836 5847 anno
858 5796 918 5861 post
932 5786 1036 5861 passio·

600 327 646 415 ιι
664 320 879 387 marantius
896 321 1021 382 sicne
1039 318 1251 397 summme,
1271 328 1301 385 s.
1320 324 1506 387 sucosam

1796 328 1873 388 stis

1081 455 1142 494 nem
1161 438 1321 509 salvatoris,
1338 443 1396 499 nita
1411 453 1439 498 ιι
1451 444 1550 514 Sparsa
1563 440 1604 515 (ιι)
1620 442 1791 509 oonsulibus,
1804 458 1873 515 per·

1080 512 1147 565 actis
1160 512 1282 569 cursibus
1294 523 1501 569 consummetur.
1514 513 1580 570 Post
1590 528 1671 585 quem
1683 515 1841 571 madocimus
1853 530 1872 572 a

1081 582 1219 636 consulatu
1234 582 1340 639 Paterni
1352 593 1380 638 et
1391 583 1517 655 Torquati
1534 584 1568 639 ad
1587 593 1677 641 nostra
1695 600 1782 656 usque
1803 594 1872 641 teis·

1082 666 1145 732 pora
1161 652 1315 719 decurrens,
1336 663 1457 709 extremo
1478 670 1549 710 anun
1571 653 1785 712 iliberoiensium
1810 669 1873 712 itio-

1082 731 1168 777 riente
1189 721 1333 778 llanicbueo
1351 724 1421 779 inter
1432 734 1544 781 caeteros
1559 726 1703 794 sapientes,
1724 730 1872 799 peragitur.

1082 791 1116 845 Et
1129 792 1302 849 duodecimus
1315 810 1387 850 nuuc
1401 796 1507 851 tertium
1528 810 1628 849 aoniam
1649 811 1731 866 ageas
1748 796 1783 852 ad
1797 796 1874 853 lutu-

1083 878 1172 915 miuin
1185 864 1321 919 scientiam
1329 882 1358 919 se
1371 874 1511 935 presteris,
1522 864 1623 921 auribis
1631 867 1736 936 giralem
1746 867 1829 922 linem
1837 868 1875 924 sit

1083 932 1220 988 babituros
1238 935 1397 1004 ignoratur:
1419 950 1532 1006 uirorum
1551 938 1732 1007 unusquisque
1744 938 1874 994 uniformi

1083 1012 1164 1067 statii,
1184 1006 1298 1072 peractis
1318 1006 1468 1077 quingentis
1496 1005 1604 1076 triginta
1625 1006 1730 1063 duobus
1751 1010 1832 1062 annis
1845 1010 1874 1065 in

1082 1074 1265 1156 semetipsum,
1285 1075 1311 1131 id
1332 1085 1384 1144 est,
1400 1076 1426 1130 in
1444 1078 1579 1146 sequentis
1592 1076 1694 1131 initium
1714 1078 1872 1146 revolvitur,

1082 1145 1221 1223 complens
1237 1145 1357 1201 videlicet
1372 1147 1398 1200 in
1416 1162 1575 1217 unoquoque
1589 1146 1721 1202 solaribus
1736 1150 1875 1204 octonos·

1081 1227 1125 1267 ms
1145 1215 1314 1277 nonodecies,
1340 1225 1368 1270 et
1389 1216 1415 1272 in
1440 1217 1578 1273 lunaribus
1602 1216 1876 1274 decemnovennalibus

1082 1283 1163 1365 vicies
1172 1285 1256 1340 octies
1270 1287 1386 1341 circulis.
1406 1286 1470 1343 Post
1482 1302 1550 1355 quos
1561 1295 1589 1341 et
1602 1288 1630 1342 in
1643 1287 1730 1342 lunari
1743 1297 1877 1357 supputa·

1082 1362 1154 1407 tione
1164 1371 1212 1425 per
1220 1371 1376 1412 communes
1384 1356 1524 1411 duodecim
1536 1366 1564 1412 et
1572 1358 1746 1413 embolismos
1758 1368 1874 1427 septem,

1083 1440 1130 1492 per
1142 1426 1288 1494 ogdoadum
1309 1434 1335 1482 et
1355 1426 1533 1483 hendecadem
1547 1436 1574 1482 et
1587 1427 1782 1483 incrementum
1797 1426 1876 1482 inna-

1082 1511 1122 1559 ιι,
1137 1496 1207 1565 quod
1231 1504 1426 1565 computatores
1449 1499 1546 1553 saltum
1568 1499 1724 1565 nominant;
1744 1506 1775 1553 et
1793 1499 1877 1556 solari

1082 1581 1130 1635 per
1148 1566 1307 1637 quadrantes
1327 1579 1355 1623 et
1373 1568 1505 1622 bissextos
1525 1567 1665 1638 diligenter
1677 1568 1873 1639 dinumeratos,

1082 1634 1190 1691 demum
1204 1637 1308 1693 dnobus
1320 1638 1493 1693 luminaribus
1508 1639 1619 1695 totidem
1630 1638 1687 1694 dies
1700 1639 1874 1706 habentibus,

1082 1715 1109 1761 et
1122 1723 1169 1774 per
1181 1721 1274 1762 citisus
1285 1708 1326 1763 sui
1346 1723 1441 1764 omnes
1454 1708 1543 1764 'lineas
1555 1710 1679 1763 concordi
1691 1711 1796 1765 ratione
1808 1725 1877 1765 con·

1083 1777 1260 1842 veiiicntilins,
1276 1778 1356 1833 veluti
1376 1779 1478 1849 primus
1495 1779 1594 1834 conditi
1608 1779 1681 1835 oriris
1692 1794 1781 1835 auxius
1794 1781 1876 1835 intio·

1083 1856 1169 1901 vatur.
1189 1847 1254 1901 lium
1267 1864 1331 1919 ergo
1343 1850 1370 1903 bi
1386 1850 1544 1905 circulorum
1559 1849 1654 1904 totales
1663 1866 1789 1905 recursus
1803 1850 1831 1905 iu
1845 1864 1877 1907 ss

1083 1930 1210 1987 congrue,
1225 1928 1326 1989 etpost
1345 1920 1405 1985 illos
1423 1921 1513 1991 cyclos
1529 1920 1626 1988 qiiibus
1644 1920 1670 1973 in
1689 1920 1746 1975 sole
1763 1928 1795 1975 et
1814 1921 1876 1976 lnoa

1084 2003 1166 2042 more
1185 1988 1226 2041 vel
1240 1989 1341 2043 reditus
1353 1990 1440 2059 signa,
1456 1989 1589 2059 quomodo
1603 1988 1653 2043 sub
1665 1989 1730 2045 issu
1748 1993 1793 2045 rei
1806 1990 1877 2045 iiie·

1083 2057 1141 2138 ciria
1158 2056 1255 2112 lactum
1268 2060 1375 2129 legitur,
1391 2062 1547 2131 apparuisse
1558 2060 1727 2125 describitur,
1740 2062 1802 2115 sine
1821 2061 1875 2117 ulh

1084 2137 1211 2183 varietate
1232 2128 1360 2192 redeunt;
1379 2128 1520 2185 manifeste
1542 2130 1706 2199 intelligitur,
1726 2131 1800 2201 qnod
1822 2146 1877 2187 uox

1084 2211 1157 2251 iiiora
1173 2198 1215 2251 illa
1229 2208 1273 2253 :iut
1284 2201 1402 2255 reversio
1411 2199 1509 2269 aliquid
1518 2201 1544 2255 iri
1556 2200 1723 2255 luminarium
1736 2211 1764 2256 et
1774 2210 1878 2271 tempo·

1084 2282 1143 2321 rum
1153 2278 1260 2324 assueto
1272 2286 1352 2324 cursu
1365 2271 1539 2339 praepeditum
1553 2271 1595 2325 iel
1608 2271 1741 2325 insolitum
1757 2272 1877 2343 relique·

1085 2348 1160 2403 mnt;
1172 2338 1219 2421 sed
1232 2340 1306 2422 quasi
1322 2355 1369 2422 per
1381 2340 1451 2397 diem
1466 2356 1572 2395 omnem
1594 2341 1619 2396 in
1642 2356 1754 2397 occasus
1774 2343 1828 2408 sui,
1847 2351 1878 2399 ut

1084 2408 1879 2552 tiledb..¹¹tilt.⁰i.i⁰.tt.tt¹ttttb·⁰titiit

1084 2553 1154 2630 quiid
1169 2550 1234 2604 nibil
1246 2550 1279 2606 ad
1293 2553 1429 2621 sequentis
1446 2554 1531 2606 noctis
1544 2553 1734 2621 longitudinem
1747 2554 1878 2620 temporis

1085 2620 1129 2674 iila
1142 2620 1200 2676 dies
1213 2622 1290 2690 lunga
1300 2622 1451 2686 contulerit,
1462 2622 1538 2689 crijus
1548 2622 1671 2692 princeps
1684 2623 1783 2694 pariter
1794 2622 1822 2677 iri
1833 2622 1879 2679 dis

1085 2704 1145 2744 cum
1156 2692 1213 2746 soie
1226 2692 1278 2747 dici
1290 2694 1431 2762 praeposito
1443 2694 1504 2746 luna
1519 2693 1658 2762 repulerit.

1162 2760 1276 2817 CAPUT
1298 2763 1325 2817 tt.
1341 2793 1377 2803 -
1388 2762 1428 2816 De
1439 2762 1556 2817 Gedeone
1567 2772 1591 2816 et
1606 2763 1703 2819 daobm
1715 2762 1805 2834 ιίᾳιιὶι.
1824 2804 1830 2811 .

1121 2830 1211 2901 ltaque
1230 2845 1340 2902 purgata
1352 2832 1464 2887 funestis
1492 2833 1682 2888 babitato‘ribus
1694 2833 1880 2890 Cbaiianitidis

1085 2904 1203 2983 regitino,
1211 2904 1244 2956 in
1259 2904 1304 2957 liei
1315 2904 1403 2973 pupuli
1413 2904 1574 2958 deditionem
1586 2905 1643 2973 ipsa
1656 2920 1670 2957 a
1681 2904 1796 2959 Domino
1805 2903 1879 2959 terra

1087 2975 1220 3054 tribuitur.
1246 2972 1296 3041 Qui
1322 2973 1490 3039 postmodum
1513 2975 1586 3045 pacis
1605 2975 1661 3029 otio
1682 2975 1828 3039 resolutus,
1852 2975 1881 3031 iit

1086 3042 1217 3096 idolorum
1232 3051 1310 3099 terne
1322 3044 1393 3099 iliius
1406 3054 1434 3099 et
1444 3045 1606 3113 reliquarum
1620 3047 1648 3100 iu
1663 3046 1777 3100 circmiu
1789 3045 1881 3101 natio·

1087 3128 1149 3165 num
1164 3112 1263 3167 cultum
1276 3125 1442 3184 pervagatur.
1458 3116 1569 3184 Propter
1577 3114 1648 3185 quod
1658 3115 1781 3185 gentibus
1793 3130 1879 3185 srcpe,

1086 3198 1198 3251 quartini
1212 3184 1282 3239 idola
1300 3185 1357 3253 ipso
1371 3185 1487 3249 colebat,
1505 3194 1663 3255 potestates
1677 3185 1793 3241 Domirm
1810 3200 1880 3241 eori-

1086 3267 1172 3318 cessa,
1190 3254 1349 3324 niaucipium
1363 3256 1464 3310 servire
1482 3257 1614 3311 tribuitur.
1628 3255 1681 3311 sad
1695 3256 1881 3327 captivitatum

1086 3332 1113 3378 et
1128 3323 1286 3379 servitutum
1302 3325 1439 3383 laboribus
1452 3324 1602 3381 durissimis
1613 3325 1737 3392 afflictus,
1751 3328 1881 3398 [reguen-

1087 3402 1154 3447 tera
1170 3394 1224 3450 bea
1245 3410 1292 3463 per
1315 3395 1496 3466 penitentiam
1517 3397 1622 3452 veniam
1643 3398 1804 3467 metabatur
1823 3395 1881 3451 :ad

1086 3463 1744 3603 tiit.ll.t¹.²tt.·ttii.t‚ttltl³mittit
1768 3467 1882 3609 iffi

1134 3575 1142 3597 ,
1450 3556 1458 3605 ι
1630 3554 1647 3592 ι

1087 3616 1222 3672 eruentes,
1237 3622 1403 3677 ricquaquam
1480 3608 1542 3663 titire
1551 3608 1681 3673 dominio,
1695 3554 1881 3665 ³sueffioarbitro-

1086 3690 1146 3756 rum
1157 3675 1217 3743 jure
1234 3679 1389 3743 pruriebant
1401 3616 1498 3751 (mbr.
1513 3695 1541 3742 u,
1562 3695 1600 3745 in,
1614 3678 1664 3750 iv).
1675 3679 1797 3746 Quorum
1809 3688 1881 3735 terii·

1088 3746 1196 3826 poribus
1219 3744 1283 3801 dum
1307 3748 1457 3804 iladianiiis
1479 3750 1593 3805 serviret
1614 3750 1735 3819 mutilus,
1758 3748 1882 3806 Gedeoni

1088 3815 1215 3898 liliolirnis
1229 3818 1345 3873 coelcstis
1360 3821 1469 3874 nuntius
1483 3819 1614 3888 apparuit,
1630 3820 1757 3891 illumque
1772 3820 1883 3875 destru-

1087 3895 1131 3940 cto
1143 3886 1298 3942 idololatria·
1316 3888 1378 3953 ritn,
1393 3890 1426 3945 de
1448 3889 1533 3956 plebis
1553 3906 1609 3944 suae
1626 3889 1783 3946 liberatione
1802 3906 1881 3945 com·

1087 3958 1199 4010 monuit.
1215 3956 1243 4011 ln
1256 3957 1332 4026 eujus
1346 3968 1488 4028 conspeetu
1507 3959 1571 4015 dum
1591 3959 1700 4016 Gedeoa
1716 3961 1883 4016 oblationem

1086 4036 1268 4095 commiteret,
1279 4028 1395 4098 desuper
1404 4029 1542 4098 camisjus
1551 4029 1675 4095 lundens,
1683 4031 1803 4087 ooelcstis
1812 4031 1883 4101 ignis

1087 4094 1271 4179 holricaustuiii
1285 4099 1441 4169 absumpsit.
1460 4099 1495 4155 Et
1506 4102 1601 4157 itemm
1618 4101 1763 4170 postulanti
1773 4102 1882 4171 sigrium

1088 4178 1193 4249 siccitas
1206 4185 1231 4222 m
1246 4170 1319 4223 omni
1332 4178 1412 4235 terra,
1429 4180 1457 4225 et
1468 4187 1513 4226 ros
1533 4171 1559 4226 in
1572 4171 1632 4227 solo
1645 4172 1762 4237 ιιιΙΙιιις
1776 4180 1807 4227 ιι
1819 4188 1882 4227 rur·

1087 4250 1146 4291 snm
1157 4241 1262 4294 siccitas
1272 4239 1297 4295 in
1311 4240 1369 4296 solo
1382 4241 1500 4307 vellere,
1512 4250 1540 4296 et
1551 4256 1596 4297 ros
1609 4243 1636 4295 in
1650 4243 1724 4298 omni
1738 4251 1814 4298 terra
1830 4241 1883 4299 ituit

1088 4306 1144 4377 (ld.
1164 4310 1213 4380 ιι).
1227 4308 1279 4390 Sed
1293 4311 1351 4367 linc
1364 4312 1485 4381 quamvis
1505 4313 1641 4367 sociantur
1663 4326 1778 4369 immero
1797 4314 1881 4368 mira·

1088 4378 1191 4442 balium,
1207 4378 1273 4435 nilnl
1295 4393 1383 4437 tameo
1400 4382 1472 4437 velut
1486 4397 1584 4437 novum
1602 4382 1745 4439 ostendere
1758 4384 1883 4438 videntur

1088 4449 1115 4503 iri
1142 4449 1337 4506 ministratione
1358 4467 1458 4507 rerum.
1479 4452 1609 4521 Quoniam
1632 4462 1661 4509 et
1678 4454 1799 4510 coelestis
1814 4453 1883 4525 ignis

1088 4534 1133 4574 res
1144 4529 1274 4586 terrenas,
1288 4530 1318 4575 ut
1328 4536 1400 4591 sepe
1413 4522 1529 4578 diximus
1540 4534 1568 4579 ιι
1580 4524 1710 4589 dicemus,
1725 4522 1882 4594 frequenter

1088 4591 1214 4653 devorat:
1228 4600 1255 4645 et
1268 4592 1419 4649 alternatim
1440 4594 1467 4649 in
1489 4595 1589 4651 mundo
1607 4610 1657 4665 per
1669 4605 1760 4677 portes
1772 4596 1881 4651 nimbus

1088 4670 1170 4717 rorat.
1185 4660 1238 4715 Sed
1257 4670 1344 4717 tameo
1358 4663 1439 4719 marlia
1455 4664 1514 4719 ralia
1530 4664 1565 4721 de
1583 4666 1750 4721 mirabilibus
1761 4666 1883 4736 Scriptu-

1088 4746 1178 4785 rarum
1188 4730 1359 4797 subveniunt,
1370 4749 1430 4804 que
1440 4734 1490 4790 etsi
1503 4735 1529 4790 io
1541 4736 1620 4792 rebtis
1629 4735 1712 4807 gestis
1724 4735 1882 4807 diligentem

1088 4799 1300 4869 explanationem
1320 4822 1374 4858 non
1392 4807 1510 4876 exigunt,
1530 4808 1671 4877 figurarum
1684 4815 1776 4863 tainen
1789 4807 1882 4878 praesi—

1088 4872 1213 4941 guntione
1238 4874 1263 4927 in
1284 4890 1373 4930 rernm
1396 4876 1573 4946 spiritualium
1587 4876 1761 4947 intelligentia
1784 4878 1882 4933 referta

1088 4953 1160 4998 sunt.
1181 4940 1233 4999 Sed
1248 4946 1373 5014 quostiam
1383 4946 1412 5001 iu
1424 4962 1506 5017 opere
1525 4949 1576 5004 isto
1591 4964 1681 5003 rerum
1695 4948 1882 5004 tantummodo

1088 5022 1222 5084 gestarum
1243 5015 1406 5071 intellectum
1427 5020 1550 5088 prosequi
1565 5018 1743 5089 disponimus,
1755 5020 1809 5074 boc
1822 5020 1883 5075 lioet

1088 5086 1223 5139 meritoriae
1241 5100 1321 5141 cansa
1341 5086 1430 5141 statim
1453 5088 1624 5145 historialiter
1642 5105 1755 5145 nir-ero
1771 5089 1883 5145 mirabi-

1089 5153 1153 5209 lium
1175 5158 1333 5212 inseremus.
1347 5157 1413 5224 Quas
1428 5159 1532 5215 ιιίιιιιιι
1547 5175 1619 5231 sepe
1632 5158 1741 5217 iomeito
1753 5175 1823 5217 casu
1836 5158 1884 5215 bet

1093 5225 1231 5283 voluntate
1251 5227 1279 5282 in
1301 5229 1382 5285 rebus
1402 5232 1570 5299 proueniunt,
1584 5232 1729 5289 terribilius
1745 5245 1838 5291 tainen
1854 5241 1886 5290 ot

1094 5296 1240 5353 celeriuset
1248 5300 1348 5354 certius
1358 5301 1538 5357 etmirabilius
1551 5302 1577 5357 in
1590 5304 1658 5373 sigui
1667 5304 1781 5373 alicujus
1790 5316 1887 5361 ‹eteo-

1093 5368 1168 5423 sione
1190 5383 1237 5437 per
1265 5370 1367 5425 bomini
1393 5370 1534 5439 imperium
1553 5374 1701 5445 gubernata
1724 5386 1754 5430 ct
1773 5388 1885 5431 ostensa

1092 5448 1164 5493 sunt.
1179 5437 1257 5522 liade
1276 5456 1338 5497 euin
1360 5443 1536 5500 historialiter
1549 5446 1582 5499 in
1592 5445 1738 5502 holocausti
1750 5448 1804 5502 bac
1816 5461 1886 5503 ooo·

1091 5521 1265 5575 crematione,
1286 5528 1340 5569 non
1365 5516 1483 5571 terrestri
1505 5514 1575 5584 igne,
1595 5517 1643 5572 sexi
1656 5518 1760 5572 caelesti
1774 5519 1886 5572 llarnma

1091 5576 1144 5634 boc
1165 5582 1366 5653 osiciidebaiur,
1386 5588 1456 5709 {aad
1481 5584 1599 5643 loturum
1622 5597 1685 5642 tunc
1706 5588 1886 5651 bellamno-

1091 5646 1214 5706 bnmanis
1229 5654 1341 5723 viribus,
1361 5670 1390 5711 so
1427 5656 1531 5717 ooelosti
1553 5658 1654 5717 auxilio
1672 5659 1833 5732 pmiioerett
1849 5669 1881 5716 ot

1121 5788 1158 5854 (a)
1173 5796 1226 5855 Pixg
1237 5789 1318 5844 Auiola
1326 5797 1351 5845 et
1361 5800 1447 5848 ronse
