4000 6359
236 458 281 502 res
293 452 356 501 suat
369 442 570 505 maledicorum.
583 440 648 500 inda
659 442 776 499 charitas
789 442 956 517 refrigescit,
966 441 1029 501 inde

236 536 332 594 duetus
344 544 485 609 augentur,
495 543 523 594 ct
533 536 653 593 turbatur
661 534 746 592 navis.

272 626 300 684 6.
319 626 400 683 Venta
418 644 511 700 saepae
531 629 611 699 plante
633 642 703 682 mare
721 624 878 700 eusurpebat.
900 626 1030 685 Tenebrae

236 721 409 789 crescebant,
424 722 598 793 intelligentia
611 720 789 790 minuebatur,
806 720 931 793 iniquitas
946 736 1028 793 auge·

235 810 325 869 batatr.
342 814 404 870 Cum
418 816 581 885 ramipasscat
597 830 656 886 erpa
668 814 741 886 quasi
757 814 840 871 stadia
854 814 942 888 aipirui
955 814 1030 885 qaia-

235 920 284 977 que
300 914 344 960 aas
363 904 475 977 munta
497 905 600 961 interea
622 905 803 975 ambulabant,
824 906 1028 977 promovebant,

235 1010 286 1051 nec
303 996 375 1053 venti
387 997 427 1052 illi
444 1004 472 1053 ct
486 1006 657 1067 tempestates
669 1006 695 1055 et
714 997 810 1055 fluctus
828 1006 855 1054 et
866 998 983 1055 tenebrae
1001 996 1029 1053 id

235 1088 363 1157 agebant,
378 1098 408 1144 ut
420 1090 463 1145 vel
476 1090 550 1146 navis
571 1104 626 1147 non
643 1099 853 1162 promoveretur,
874 1091 915 1147 vel
940 1088 1029 1145 soluta

234 1191 399 1253 mergeretur
413 1200 419 1237 :
432 1180 480 1237 sed
498 1183 568 1239 inter
588 1182 633 1239 illa
651 1183 740 1239 omnia
759 1183 829 1239 mala
844 1183 907 1239 ibat.
922 1182 1027 1238 Etenim

233 1272 296 1341 quia
310 1270 597 1345 abundavitiniquitas,
612 1282 640 1329 at
656 1272 806 1345 refrigescit
825 1272 941 1330 ebaritas
955 1272 1026 1327 mul-

235 1369 333 1432 tarum,
342 1372 466 1421 crescunt
480 1366 586 1433 linctus,
597 1374 726 1439 nugentur
736 1366 864 1433 tenebre,
876 1363 953 1421 saevit
961 1379 1028 1421 vcn-

234 1462 294 1510 tus:
308 1455 355 1513 sed
369 1464 458 1513 tamen
473 1459 548 1513 navis
560 1458 687 1514 ambulat.
701 1458 751 1524 Qui
766 1459 837 1514 ohim
852 1471 1027 1530 puteacense-

231 1546 264 1599 aa't
274 1548 386 1618 usquein
396 1548 482 1619 fimm,
499 1548 632 1606 hiaaaluas
642 1550 688 1605 erit
701 1548 807 1620 (Mani.
823 1564 894 1615 xxiv,
912 1547 955 1615 ti,
967 1547 1024 1617 lb).

231 1638 288 1695 Nec
304 1640 360 1709 ipse
373 1640 521 1697 suillorum
535 1656 662 1697 numerus
680 1639 890 1698 contemnendus
904 1646 954 1695 est.
969 1636 1025 1694 Ne·

232 1746 285 1803 que
299 1731 370 1787 enim
389 1746 453 1788 rere
474 1742 566 1803 posset
583 1733 649 1789 nibil
671 1732 821 1804 significare
833 1731 904 1803 qnod
924 1730 1025 1786 dictum

232 1830 283 1887 est,
295 1820 358 1877 Cum
371 1824 534 1896 rertdpaasent
547 1825 631 1880 stadia
639 1825 842 1897 cipiatiqainqae
852 1832 897 1879 aut
909 1823 1023 1895 impiata,

233 1922 292 1969 tune
303 1916 337 1970 ad
349 1934 391 1973 eos
403 1919 470 1973 uenit
480 1918 565 1975 luas.
580 1918 721 1975 Suiiiccret
734 1919 823 1991 aipints'
832 1920 955 1990 quiaque,
969 1917 1025 1975 sui-

232 2004 324 2062 llceret
344 2009 597 2079 tentatationum
616 2012 677 2083 quia
695 2012 853 2067 aestimantis
872 2018 947 2078 erat,
970 2025 1024 2067 non

231 2093 398 2153 sllirmantis.
418 2098 550 2171 Numquid
571 2101 767 2173 periclitaretur
790 2102 888 2159 veritas
903 2103 930 2157 in
949 2102 1023 2159 austi-

231 2194 330 2254 mante,
357 2188 381 2242 si
401 2188 502 2247 diceret
522 2190 611 2247 stadia
631 2192 715 2250 lermc
733 2194 851 2264 triginta,
871 2202 917 2249 aut
937 2192 1023 2249 stadia

230 2277 314 2335 ierme
326 2280 417 2352 iiqinti
438 2284 574 2354 quinque?
593 2282 646 2341 Sed
665 2300 698 2341 ex
715 2286 806 2357 viginti
825 2287 942 2358 quinque
960 2286 1024 2343 lecit

230 2369 346 2440 triginta.
367 2371 523 2440 Quaeremus
545 2391 686 2431 numerum
710 2376 867 2447 vigesimum
890 2377 1021 2447 quintum.

232 2460 307 2518 liade
325 2472 446 2531 constat,
468 2464 537 2521 uude
556 2466 602 2520 ht?
619 2466 657 2522 lte
674 2466 806 2537 quinario.
821 2466 963 2535 Quinarius
976 2466 1023 2524 ille

230 2566 359 2611 huruuua
370 2554 404 2611 ad
418 2556 516 2628 Legem
532 2558 656 2629 pertinet.
674 2556 726 2630 lpsi
746 2565 808 2614 sunt
826 2560 941 2631 quinque
962 2558 1022 2615 libri

230 2644 334 2715 llcysi,
361 2646 426 2716 ipsae
448 2655 511 2703 aunt
530 2648 647 2719 quinque
670 2650 787 2719 porticus
810 2650 862 2705 illae
884 2650 1022 2721 languidos

229 2736 412 2807 continentes,
435 2737 485 2808 ipsi
506 2738 622 2809 quinque
644 2754 725 2809 panes
744 2741 861 2811 quinque
876 2740 959 2797 millia
973 2740 1023 2797 ho·

228 2828 331 2884 atinum
344 2837 492 2898 pascentes.
507 2828 577 2901 Ergo
590 2830 687 2901 Legem
701 2831 831 2902 sigtrilicat
844 2848 970 2889 numerus
982 2834 1023 2889 vi·

228 2920 345 2991 zesimus
362 2921 470 2991 quintus
483 2938 490 2974 :
505 2922 630 2992 quoniam
649 2924 765 2994 quinque
780 2940 827 2994 per
839 2926 972 2997 quinque,
994 2924 1021 2981 id

228 3020 280 3078 est,
293 3013 432 3083 quinquies
445 3013 527 3083 quini,
545 3014 644 3070 iaciunt
657 3014 750 3086 rigind
765 3016 890 3087 quinque,
906 3018 1021 3088 quadra·

229 3110 285 3159 teau
298 3102 459 3175 quinarimn.
474 3102 527 3159 Sed
541 3104 602 3159 huic
616 3104 680 3177 Legi
693 3116 834 3177 antequam
849 3108 1020 3180 Evangelium

228 3192 348 3260 veniret,
363 3192 456 3249 decrat
469 3192 607 3263 periectio.
623 3195 755 3252 Persectio
768 3206 858 3253 autem
873 3198 898 3252 in
913 3200 1021 3256 sestario

227 3296 340 3339 namara
359 3284 602 3354 comprehenditur.
625 3286 769 3357 Propterea
782 3302 830 3343 sex
843 3288 937 3345 diebus
950 3290 1020 3348 Deus

228 3374 355 3431 mundum
370 3375 482 3447 perfecit
504 3375 579 3449 (Gen.
601 3377 639 3451 t),
661 3386 688 3435 ct
707 3381 822 3451 quinque
842 3380 897 3451 ipsa
914 3398 960 3452 per
972 3378 1020 3439 'sex

226 3466 445 3542 multiplicantur,
467 3480 496 3527 ut
515 3472 569 3528 Lex
584 3488 633 3544 per
645 3473 818 3544 Evangelium
831 3474 1018 3545 adimpleatur,

226 3566 256 3616 ut
269 3548 334 3616 dant
345 3562 432 3618 sexies
443 3562 517 3633 quini
530 3563 646 3634 triginta.
660 3564 702 3620 hd
713 3578 761 3621 eos
772 3580 836 3637 erga
849 3566 895 3636 qui
908 3567 1019 3637 intplent

226 3652 335 3723 Legem
349 3655 422 3709 venit
432 3653 519 3712 iesus.
536 3655 571 3711 Et
583 3656 665 3725 venit,
678 3658 830 3729 quomodo?
840 3660 953 3717 Calaans
967 3660 1018 3717 llu-

224 3756 300 3814 ctaa;
324 3761 417 3803 omnes
438 3757 555 3805 tumores
576 3749 680 3824 mundi,
693 3750 743 3807 sub
768 3751 878 3821 pedibas
899 3752 1016 3823 habens,

224 3852 318 3896 omnes
330 3841 502 3898 celsitudines
514 3842 605 3899 saeculi
619 3858 751 3915 premens.
768 3846 922 3917 lloc'aqitur
934 3862 1020 3918 quan·

225 3940 280 3987 tant
292 3932 398 3989 additur
409 3936 532 4004 tempori,
547 3944 574 3989 et
587 3944 714 4005 quantum
726 3938 828 3993 accedit
837 3948 902 3993 aetas
913 3940 1016 3995 seculi.

224 4022 361 4092 hupentur
372 4024 399 4077 in
411 4024 462 4078 isto
473 4024 573 4079 rnundo
587 4024 777 4093 tribulationes,
793 4036 922 4098 augentur
934 4030 1016 4098 mala,

223 4120 352 4181 augentur
366 4113 554 4181 contritiones,
569 4128 762 4188 exaggerantur
776 4118 832 4175 ltaac
846 4120 935 4175 omnia
947 4140 954 4175 :
968 4121 1015 4179 Je-

131 4192 135 4205 '
223 4218 270 4261 saa
282 4204 387 4273 transit,
399 4207 507 4262 calcans
518 4204 624 4263 ductus.

259 4296 285 4351 7.
307 4296 342 4351 lit
354 4303 442 4353 umen
456 4306 536 4354 unte
546 4307 607 4355 sum
618 4298 816 4368 tribulationes,
830 4311 859 4358 ut
870 4304 950 4359 etiam
964 4306 1015 4376 ipsi

670 358 674 365 ,
698 324 732 383 tit
749 324 889 383 1thle
908 320 1142 394 utnucbtttttl,
1162 327 1191 384 S.
1212 326 1398 393 nucusttttt

1083 446 1277 515 expavescitis?
1297 450 1364 518 Quid
1382 452 1502 511 dancus?
1523 456 1579 531 Ego
1597 460 1647 518 iata
1668 468 1797 541 predixi,
1821 492 1874 549 eqo

1083 534 1167 605 lacio,
1187 554 1297 597 amesae
1314 551 1356 598 est
1374 553 1403 600 ut
1420 544 1494 604 dant.
1516 548 1572 624 Epa
1588 571 1661 623 ιιιιιι,
1682 562 1760 618 ualite
1777 567 1875 628 timere.

1088 625 1226 687 Voluerunt
1239 650 1298 706 erpa
1308 652 1366 691 eum
1379 639 1492 711 accipere
1504 643 1532 698 ia
1544 648 1642 715 maim,
1654 666 1831 723 agnoscentes
1843 675 1877 721 aa

1082 722 1244 793 gaudentes,
1258 729 1345 785 secani
1358 729 1431 787 iacti.
1443 731 1479 790 Et
1492 738 1577 792 statim
1588 740 1637 808 [uit
1650 745 1721 800 nauis
1734 748 1875 809 autema

1081 813 1109 868 in
1121 831 1197 885 quarn
1208 818 1288 874 ibant.
1303 820 1400 880 Factus
1412 835 1455 881 est
1467 827 1528 887 bnis
1540 830 1573 886 ad
1586 842 1683 891 terram
1696 854 1703 891 ε
1716 838 1751 896 de
1763 840 1875 904 humido

1082 905 1115 1050 gd
1138 908 1269 981 solidum,
1289 912 1324 969 de
1344 916 1449 975 turbato
1469 919 1504 975 ad
1522 921 1644 994 sirmam,
1668 928 1702 986 de
1723 930 1819 993 itincre
1839 937 1875 996 ad

1101 1011 1173 1053 nem.

1117 1088 1144 1145 8.
1163 1089 1250 1148 Altam
1264 1094 1305 1150 dia
1317 1098 1390 1154 turia
1402 1116 1459 1172 qua
1471 1104 1553 1160 stabat
1565 1114 1635 1164 trans
1648 1128 1734 1183 arare,
1749 1116 1819 1175 uude
1833 1118 1872 1178 illi

1080 1191 1224 1251 venerant,
1244 1185 1308 1241 uidit
1322 1190 1382 1260 qaia
1394 1195 1510 1250 nauicula
1522 1216 1572 1254 aaa
1587 1210 1641 1257 erat
1652 1205 1687 1259 ibi
1702 1208 1751 1263 uisi
1763 1227 1831 1281 ana,
1846 1221 1871 1268 ct

1080 1272 1140 1343 quia
1158 1290 1209 1330 aaa
1226 1276 1353 1337 {neruus
1365 1299 1422 1338 cant
1441 1287 1572 1361 discipulis
1588 1296 1640 1351 auis
1659 1297 1686 1351 in
1705 1315 1809 1369 nauem,
1824 1308 1871 1359 scd

1078 1364 1128 1418 soli
1150 1365 1267 1437 discipuli
1284 1371 1339 1442 ejus
1356 1374 1499 1434 abiissent:
1518 1383 1577 1437 alia
1595 1401 1653 1441 aera
1674 1406 1872 1460 superuenerunt

1079 1470 1153 1510 naues
1164 1473 1181 1510 a
1193 1456 1340 1531 Tiberiade,
1351 1466 1428 1537 juata
1440 1470 1522 1527 lacuna
1536 1475 1580 1530 ubi
1592 1478 1806 1541 maraducaaeruat
1819 1502 1869 1558 pa·

1078 1560 1145 1613 nent,
1160 1549 1255 1618 pretias
1263 1564 1365 1622 apeutea
1377 1557 1496 1616 licutino.
1510 1562 1573 1619 Cum
1586 1584 1645 1640 upa
1657 1571 1776 1629 uidissent
1790 1580 1871 1635 aula

1077 1637 1137 1704 quia
1148 1636 1223 1695 tuas
1234 1658 1286 1697 uon
1298 1656 1362 1701 uses
1372 1648 1408 1704 tlt
1417 1690 1426 1719 ,
1442 1668 1520 1724 neque
1533 1645 1651 1729 discipali
1663 1662 1733 1732 ejus,
1747 1669 1870 1726 mearde-

1076 1736 1136 1781 ruut
1149 1730 1176 1785 ia
1189 1734 1336 1805 nauicalm,
1356 1748 1381 1793 et
1400 1754 1519 1802 meunt
1534 1747 1712 1822 Capharnaant
1729 1772 1870 1827 quarentes

1075 1816 1174 1875 lesam.
1189 1820 1352 1885 insinuatam
1367 1839 1456 1890 tamen
1474 1846 1516 1894 est
1534 1839 1588 1896 illis
1604 1850 1658 1897 um
1676 1861 1800 1918 magunum
1815 1854 1869 1909 mi-

1076 1914 1207 1971 raculum.
1223 1917 1352 1979 Viderunt
1363 1926 1435 1983 enim
1447 1931 1519 2000 quod
1531 1932 1654 2006 discipuli
1666 1940 1717 1995 soli
1730 1945 1869 2003 ascendis-

1076 2010 1137 2057 sent
1148 2004 1175 2059 in
1186 2011 1298 2079 navem,
1313 2022 1341 2068 et
1352 2017 1415 2085 quia
1428 2018 1479 2073 alia
1490 2022 1565 2078 navis
1579 2040 1632 2081 non
1645 2028 1681 2084 ibi
1695 2042 1761 2087 erat.
1777 2034 1866 2092 Vene-

1076 2103 1139 2149 runt
1148 2105 1235 2154 autem
1249 2100 1311 2158 inde
1321 2112 1349 2159 et
1360 2122 1441 2165 tuaves
1452 2109 1527 2180 juxta
1541 2115 1629 2172 locum
1643 2120 1716 2177 illum
1732 2124 1777 2180 ubi
1789 2142 1869 2185 man·

1076 2183 1239 2246 dueavcrunt
1249 2208 1356 2265 paneam
1367 2199 1394 2254 in
1406 2202 1500 2271 quibus
1511 2222 1572 2262 eunt
1585 2211 1669 2267 turbae
1681 2225 1780 2271 secutae
1790 2228 1865 2277 suut.

1075 2276 1142 2334 ean
1158 2279 1294 2355 discipulis
1310 2304 1374 2360 ergo
1386 2307 1440 2349 aon
1454 2298 1625 2369 ascenderat,
1646 2304 1697 2359 alia
1718 2309 1794 2364 navis
1810 2309 1867 2368 illic

1075 2385 1128 2474 nun
1142 2383 1200 2429 erat
1211 2395 1220 2432 a
1230 2378 1301 2436 unde
1317 2382 1405 2441 subito
1425 2395 1498 2445 trans
1517 2408 1591 2450 mare
1607 2396 1692 2453 lactus
1709 2408 1751 2456 est
1769 2401 1865 2475 iesus,

1075 2477 1126 2521 nist
1140 2466 1201 2535 quia
1216 2484 1297 2541 super
1312 2488 1387 2532 mare
1398 2479 1560 2553 ambulavit,
1575 2495 1604 2541 ut
1617 2486 1773 2546 miraculum
1787 2508 1867 2550 mon·

1075 2560 1192 2615 strareti

1111 2648 1136 2703 9.
1159 2647 1193 2705 b't
1205 2668 1263 2710 caea
1275 2656 1425 2717 invenissent
1436 2680 1495 2721 mna
1507 2670 1595 2727 turia.
1616 2672 1686 2731 ane
1699 2682 1864 2747 precanum

1074 2749 1105 2791 se
1123 2740 1225 2811 turbis,
1244 2759 1260 2799 a
1277 2748 1373 2818 quibus
1386 2767 1417 2809 se
1431 2758 1488 2827 rapi
1501 2760 1641 2830 timuerat,
1659 2775 1687 2822 et
1702 2767 1730 2823 iu
1744 2781 1864 2831 montem

1074 2827 1186 2899 inperat.
1205 2833 1321 2895 Omnino
1338 2845 1479 2902 continuat
1494 2860 1521 2907 et
1538 2852 1654 2911 insinuat
1672 2860 1750 2917 nobis
1762 2862 1789 2918 iu
1803 2880 1866 2937 my·

1074 2923 1156 2979 sterio
1167 2924 1238 2983 dicta
1250 2944 1311 2987 esse
1322 2933 1368 2989 illa
1382 2938 1487 3007 omniu
1501 2949 1528 2997 ct
1541 2943 1610 3001 iacta
1621 2948 1649 3003 in
1661 2965 1757 3023 magno
1771 2969 1863 3011 sacra·

1073 3025 1180 3087 mento,
1202 3030 1232 3076 ut
1249 3023 1348 3096 aliquid
1368 3030 1556 3102 siginificarcnt
1577 3036 1647 3097 Ecce
1662 3051 1704 3098 est
1717 3044 1762 3102 ille
1775 3048 1820 3117 qui
1834 3050 1863 3106 in

1074 3119 1191 3167 nectutem
1209 3113 1313 3185 ingerat
1331 3120 1442 3179 turbas:
1458 3141 1548 3185 nonne
1564 3145 1625 3187 cum
1646 3134 1710 3205 ipsis
1725 3139 1807 3197 turbis
1821 3142 1862 3198 lo·

1072 3200 1180 3270 qutiturl
1192 3204 1271 3263 blodo
1288 3217 1408 3281 teneant,
1430 3218 1510 3275 modo
1526 3235 1618 3293 regem
1635 3224 1742 3285 iaciaua
1758 3230 1791 3286 lis
1802 3248 1862 3289 euax

1072 3290 1223 3351 inuenissent
1234 3314 1291 3355 esua
1302 3310 1372 3360 tram
1385 3322 1464 3376 atace,
1474 3310 1592 3369 cinnat
1603 3317 1629 3371 es'
1637 3332 1648 3373 .·
1657 3317 1749 3389 iiabbi,
1758 3326 1863 3395 asub

1072 3385 1122 3439 hac
1135 3391 1244 3446 maiali!

1108 3478 1152 3535 lb.
1172 3480 1221 3538 lile
1234 3495 1294 3554 post
1307 3489 1427 3549 tairacarli
1441 3510 1653 3573 sacramentum,
1668 3516 1696 3564 et
1708 3522 1860 3569 sermonem

1072 3570 1165 3642 iniert,
1179 3584 1209 3632 ut
1220 3579 1243 3634 ai
1257 3580 1314 3637 lieri
1329 3594 1430 3657 potest,
1442 3592 1488 3662 qui
1500 3596 1568 3664 pasti
1579 3609 1650 3667 sunt,
1665 3615 1816 3675 pascantur,
1830 3617 1861 3667 et

1071 3677 1185 3733 quorum
1197 3671 1301 3729 satiavit
1311 3677 1422 3744 panibus
1433 3692 1549 3753 ventres,
1563 3690 1642 3747 satiet
1653 3703 1682 3748 ct
1692 3696 1861 3757 sermonibus

1071 3766 1189 3827 meutcs;
1209 3762 1256 3819 scd
1273 3766 1297 3821 si
1318 3770 1436 3839 capiunt.
1453 3773 1522 3833 Etsi
1535 3762 1589 3836 non
1603 3784 1724 3854 mpiunt,
1738 3800 1860 3847 sumatur

1069 3848 1140 3916 quod
1154 3866 1209 3907 non
1221 3856 1329 3924 capium
1338 3862 1359 3928 ¹,
1371 3876 1406 3918 ne
1423 3863 1571 3937 irapnacnta
1587 3885 1704 3943 pereant.
1724 3877 1862 3951 Loquatur

1069 3952 1151 4009 erqo,
1165 3950 1193 3997 ct
1203 3946 1351 4005 audiamus.
1364 3951 1506 4027 Rupondb
1519 3959 1613 4033 luas,
1627 3976 1651 4020 ct
1664 3968 1727 4024 diait
1737 3987 1748 4025 :
1759 3972 1858 4047 nitu,

1068 4044 1142 4086 amen
1158 4036 1214 4090 dica
1230 4038 1315 4109 uobis,
1329 4047 1441 4115 queritis
1454 4068 1504 4118 ate,
1521 4071 1573 4110 nen
1590 4060 1651 4130 quia
1665 4062 1761 4119 uidistis
1772 4068 1858 4139 upua,

1068 4124 1112 4177 scd
1124 4128 1182 4191 quia
1195 4132 1365 4191 auauducastis
1379 4156 1411 4195 ea
1421 4143 1529 4212 mutas
1541 4149 1612 4206 mets.
1627 4152 1740 4225 Propter
1745 4174 1857 4217 ,carnem

1068 4232 1111 4273 me
1125 4223 1254 4290 quaeratis,
1269 4242 1322 4283 non
1336 4241 1445 4302 propter
1455 4238 1588 4306 spiritum.
1608 4242 1693 4313 Quam
1710 4249 1784 4307 multi
1802 4267 1857 4309 tion

1067 4321 1189 4378 quaerunt
1208 4313 1317 4385 iesum,
1339 4322 1392 4380 nisi
1409 4333 1439 4380 ut
1454 4324 1508 4383 illis
1526 4330 1606 4388 iaciat
1623 4334 1692 4392 bene
1709 4340 1858 4399 secundom

222 4387 267 4459 qui
282 4387 453 4445 crediderunt
469 4391 497 4445 iu
516 4389 625 4461 iesunt,
644 4401 671 4448 et
690 4393 734 4464 qui
748 4404 877 4452 conantur
890 4412 1016 4467 perseve-
1068 4404 1184 4473 tcmpus!
1196 4406 1273 4464 Abas
1283 4414 1419 4483 aequuum
1428 4416 1518 4488 babet,
1531 4424 1627 4493 quaerit
1635 4426 1856 4489 intercessionem

222 4492 284 4537 mre
299 4494 382 4552 usque
396 4481 424 4537 ia
434 4481 531 4551 dnum,
546 4495 722 4553 expavescant
735 4501 769 4542 ne
781 4486 923 4545 deiciant:
938 4490 1015 4548 Chri·
1065 4492 1222 4554 clericorum
1233 4517 1241 4567 ;
1253 4500 1320 4559 alius
1335 4508 1464 4575 premitur
1474 4526 1489 4565 a
1501 4517 1664 4588 potentiore,
1679 4520 1745 4592 iugis
1756 4523 1789 4578 ad
1807 4538 1856 4581 ec-

222 4576 266 4625 sto
281 4568 376 4627 lluetus
389 4573 526 4644 calcante,
541 4576 632 4632 saeculi
649 4576 807 4635 ambitiones
819 4588 846 4636 et
858 4581 1014 4640 altitudines
1065 4584 1189 4654 clesiam;
1204 4590 1272 4647 alius
1286 4608 1335 4665 pro
1349 4610 1379 4653 se
1392 4598 1449 4655 vult
1462 4601 1615 4663 interveniri
1627 4610 1697 4680 apud
1708 4628 1770 4671 eam
1784 4616 1857 4687 apad

220 4662 405 4735 deprimente,
426 4669 579 4738 expavescit
597 4668 766 4727 christianas.
786 4672 879 4732 Nonne
897 4675 955 4733 hauc
975 4678 1013 4734 illi
1065 4690 1143 4745 quem
1161 4694 1254 4748 parum
1279 4686 1352 4742 valet
1363 4708 1369 4742 ι
1381 4690 1426 4747 ille
1444 4694 1497 4761 sic,
1513 4696 1558 4753 ille
1570 4699 1624 4766 sic;
1639 4702 1764 4775 impletur
1784 4724 1855 4780 quo·

221 4754 347 4825 praedicta
362 4756 443 4812 sunt?
457 4757 550 4815 hierita
563 4760 661 4816 eticsu
672 4762 700 4817 in
714 4762 837 4821 uectibus
848 4768 1011 4836 ambulante,
1065 4768 1129 4824 tidie
1140 4772 1236 4830 talibus
1250 4777 1373 4835 ecclesia.
1392 4782 1439 4837 vir
1453 4789 1582 4856 quaeritur
1594 4790 1675 4849 lesus
1687 4808 1796 4870 propser
1806 4801 1855 4859 ιθ.

220 4848 356 4905 tiatueruut
378 4866 388 4905 .·
410 4852 545 4922 quomodo
570 4853 711 4909 Christiani
736 4856 856 4927 quamvis
882 4858 1013 4917 habentes
1063 4876 1133 4917 suut.
1156 4863 1277 4930 Quane·
1290 4887 1345 4939 nte,
1368 4890 1420 4928 aaa
1441 4878 1501 4947 qaia
1522 4880 1618 4939 siaiu&
1635 4888 1725 4958 repen,
1738 4892 1856 4965 ,ΛΜ

219 4957 295 5013 apaan
307 4942 336 4999 in
348 4942 438 5001 lutura
449 4947 558 5016 secutio,
577 4946 683 5018 quando
695 4948 811 5005 viderint
822 4951 933 5023 deprinti
948 4954 1011 5010 alti·
1063 4955 1235 5014 manducastis
1247 4966 1398 5034 apartibus
1409 4970 1480 5025 eneis.
1493 4971 1642 5043 operandae
1653 4996 1705 5035 nau
1715 4983 1798 5040 cbsas
1809 4988 1856 5057 qai

220 5032 339 5093 tudinem
359 5035 450 5092 seculi
470 5034 566 5107 bajus,
591 5037 747 5110 plerumque
767 5043 957 5099 conturbantur
975 5047 1011 5102 de
1063 5048 1137 5116 perit,
1147 5052 1192 5105 sed
1203 5054 1247 5123 qua·
1259 5069 1388 5125 pentima
1399 5062 1426 5115 tn
1437 5063 1515 5119 unm
1525 5075 1656 5127 mm,
1670 5073 1796 5140 Quam,
1808 5094 1855 5137 m„

218 5126 378 5183 contritione
387 5141 477 5183 rerum
487 5125 674 5185 humanarum.
686 5132 815 5200 Aperiunt
825 5132 1008 5207 Evangeliuna,
1062 5150 1170 5210 propter
1181 5144 1260 5215 aliud,
1277 5153 1389 5221 quaerite
1400 5169 1444 5211 me
1454 5168 1565 5228 propter
1576 5176 1630 5221 me.
1645 5139 1767 5237 &mum
1780 5172 1853 5229 enim

219 5218 341 5285 aperiam
353 5218 522 5292 Scriptum
535 5222 711 5278 etinveniunt
722 5222 758 5279 ihi
771 5223 821 5279 ista
836 5228 925 5299 omitia
938 5243 1009 5298 pru·
1062 5230 1181 5290 insinuat
1190 5236 1271 5293 istum
1283 5241 1383 5312 cibum,
1397 5246 1467 5315 quod
1480 5248 1507 5303 in
1522 5257 1750 5325 consequentibus
1759 5259 1854 5319 illuce-

218 5304 306 5375 dicts;
324 5311 387 5381 quia
400 5311 452 5369 hoc
466 5311 594 5368 bominm
607 5312 678 5369 lacit.
695 5313 824 5387 Daprimit
836 5318 1009 5377 celsitudines
1061 5322 1122 5379 scta.
1139 5325 1217 5393 Οιιιιι
1236 5328 1322 5387 Filius
1334 5334 1443 5391 mininis
1463 5338 1533 5396 aatta
1558 5343 1636 5398 caiis.
1654 5345 1848 5423 Exspectabas,

218 5401 318 5469 seculi,
334 5412 365 5459 ut
375 5404 411 5460 ab
423 5404 572 5463 humilibus
583 5404 754 5477 glorificetur.
771 5410 808 5465 be
820 5424 933 5481 quorum
947 5412 1009 5467 alti·
1061 5418 1152 5488 credo,
1166 5421 1261 5480 iterum
1271 5440 1354 5497 panea
1367 5430 1545 5504 manducare,
1558 5436 1657 5496 iterum
1666 5439 1851 5515 disemubere,

218 5489 309 5547 tudine
328 5494 482 5563 pradictum
500 5506 557 5563 est,
578 5496 694 5554 Ciuitates
708 5499 866 5570 &subsistas
878 5502 1008 5571 datram

217 5590 255 5648 et,
270 5580 373 5638 tumeat
386 5584 529 5655 deluserunt
543 5591 685 5661 [ramucio
698 5592 789 5661 finem,
802 5594 947 5649 etciaitates
960 5596 1006 5649 de·
1092 5604 1183 5654 ¹tuxta
1193 5607 1314 5671 amad.
1328 5616 1608 5677 etven.,reproesentet.
1640 5624 1668 5670 tt.

216 5675 331 5732 shamsts'
345 5675 431 5751 (cut.
442 5694 487 5748 rx,
502 5681 541 5753 t).
554 5682 623 5749 outo
637 5698 699 5755 erqo
715 5686 829 5752 timetis,
843 5686 1006 5743 Christiani?
1091 5662 1225 5730 ’mmm
1234 5675 1298 5721 '¹⁸⁸¹‘
1315 5679 1343 5721 Π
1352 5672 1432 5725 ‘im'
1441 5676 1547 5741 “We
1557 5689 1652 5731 “m
1666 5682 1732 5745 ‘W
1742 5683 1851 5749 “W-

216 5766 646 5846 cnmsutoquamttamn,
666 5775 1007 5848 miserescentem„
1058 5726 1178 5854 mic
1197 5730 1338 5804 mepmffi
1359 5738 1498 5854 Q&
1519 5752 1566 5795 m,
1583 5742 1851 5815 mmmm

386 5907 637 5965 Meta-2:122:
679 5912 682 5921 .
