4000 6359
273 317 341 375 idi*

273 434 358 505 ticeps
370 430 538 506 pinguedinis
548 428 632 497 ntea,
646 442 699 490 non
720 427 780 483 olea
794 425 927 497 particeps
938 422 1006 479 iacta
1016 429 1059 479 est

272 522 455 580 amaritudinis
467 520 574 578 oleastri
589 518 675 594 (lion.
690 534 727 587 ιι,
740 518 794 589 iil.
810 517 875 572 llam
895 516 921 571 in
934 529 967 571 eo
986 511 1058 585 quod
1083 579 1086 582 ¹

271 616 305 671 de
316 612 422 673 Christo
436 613 564 670 veraciter
578 612 691 681 scriptus
706 620 746 667 est
759 610 864 675 titulus,
880 607 937 663 iles
949 604 1058 663 iudue-

271 725 339 776 run,
353 708 398 780 qui
408 717 468 764 suun
481 706 642 777 intelligendi
653 703 753 772 ludaei,
765 704 815 759 nisi
829 717 921 759 semen
931 701 1056 766 dbmlrae,

271 802 319 858 lilii
340 802 537 873 promissionis,
551 799 597 871 qui
611 807 673 853 sunt
684 797 764 852 etiam
778 794 823 850 sulii
845 794 913 851 neit
926 793 1056 861 Quoniam

271 910 321 949 non
332 894 375 962 nui
387 892 434 963 filii
441 892 541 957 cornis,
553 891 589 945 ait
601 885 745 959 Apostolus
757 928 765 955 ,
778 887 805 941 ni
815 886 862 956 filii
875 884 941 952 Dei;
956 883 1001 940 sed
1014 882 1058 956 qui

270 984 318 1053 filii
330 982 512 1055 promissionis,
526 981 679 1053 deputontur
692 979 719 1033 in
736 978 831 1034 semine
844 974 899 1049 (id.
913 991 956 1039 ιι,
973 974 1000 1042 7,
1016 972 1055 1047 8).

269 1070 303 1127 Et
313 1071 410 1129 Genios
420 1078 496 1127 erant
515 1071 610 1141 quibus
620 1068 740 1136 dicebat,
756 1068 786 1123 Si
799 1075 880 1121 nutem
894 1080 936 1120 nos
946 1062 1054 1128 cirini,

268 1177 328 1233 erpo
341 1160 450 1217 nerano
465 1176 548 1217 senten
560 1160 635 1227 estis,
647 1158 783 1213 secundnm
802 1151 990 1229 promissionem
1004 1154 1058 1208 nn-

268 1252 338 1307 redes
363 1248 461 1325 (Galat.
477 1266 522 1319 ιιι,
534 1249 591 1325 ιιι).
604 1252 660 1305 [ιιι
673 1264 736 1318 ergo
748 1248 899 1303 turonorum
914 1244 1053 1312 Christus,

266 1340 313 1398 sed
324 1341 477 1397 ludaeorum
489 1342 689 1399 circumcisione
703 1338 804 1407 cordis,
817 1338 930 1409 spiritu,
946 1353 997 1392 nou
1012 1335 1056 1391 lit·

266 1440 341 1497 tera;
357 1448 472 1503 quorum
485 1433 544 1487 laus
559 1448 611 1489 non
636 1446 668 1487 ex
689 1430 856 1497 hominibus,
877 1427 924 1484 scd
945 1442 977 1482 ex
999 1428 1056 1482 lieo

266 1529 307 1577 est
318 1519 405 1594 (Rern.
416 1538 446 1591 ιι,
459 1521 517 1595 ι9);
530 1521 719 1592 pertinentium
728 1518 763 1575 ad
777 1518 925 1579 ierusalem
937 1518 1048 1573 liberam

266 1620 379 1668 matrem
402 1620 519 1667 nostram
540 1622 667 1667 aeternam
681 1611 708 1669 iu
720 1607 812 1678 estiis,
826 1610 917 1665 Sarum
931 1608 1055 1679 spiritua·

267 1701 339 1770 lem,
360 1704 484 1759 ancillam
497 1712 524 1760 et
534 1702 603 1757 illios
618 1702 677 1772 ejus
689 1702 699 1735 ¹
711 1698 746 1758 de
765 1698 846 1755 domo
864 1698 993 1754 libertatis
1004 1698 1053 1767 eji-

264 1794 380 1849 cientem
406 1792 502 1866 (Galat.
523 1809 561 1861 ru,
585 1792 691 1865 ιι-ὅι).
709 1791 770 1847 ldeo
783 1790 854 1847 euim
868 1790 969 1847 Pilatus
981 1789 1052 1860 quod

264 1884 385 1957 scripsit,
400 1884 521 1954 scripsit;
537 1884 598 1957 quia
610 1884 741 1941 Dominus
753 1882 824 1955 quod
837 1882 916 1953 dixit,
930 1882 1007 1939 dixit.

490 1997 694 2055 iniciatus
712 1997 827 2063 CXVUl.

263 2090 297 2163 ln
311 2112 366 2165 nee
379 2108 470 2178 anio,
485 2108 580 2165 llilites
592 2124 657 2181 ergo
675 2124 736 2166 cum
757 2108 951 2165 crucifixissent
970 2124 1050 2178 eum,

296 2210 457 2270 acceperunt
468 2202 626 2260 vestimenta
645 2202 721 2273 ejus,
737 2211 783 2257 ete.
806 2200 871 2273 Gap.
887 2217 952 2267 ιιι,
975 2202 994 2273 y
1010 2202 1048 2273 5.

295 2290 340 2357 id,
355 2293 401 2347 it.

297 2405 324 2461 l.
343 2405 383 2461 lia
404 2420 463 2476 quae
482 2414 556 2478 gesta
569 2414 631 2462 sunt
641 2404 716 2477 Juxta
729 2418 833 2461 crucem
848 2402 955 2462 Domini
967 2447 974 2473 ,
988 2420 1049 2461 eum

260 2495 315 2567 jam
334 2496 476 2553 crucilixus
496 2506 584 2564 esset,
603 2498 668 2567 isto,
693 2504 818 2569 quantum
841 2496 966 2567 adiuvat,
992 2512 1051 2553 ser-

262 2602 343 2643 mone
357 2596 511 2644 tractemus.
534 2588 655 2645 vliilites
681 2604 745 2659 ergo
770 2604 830 2644 eum
854 2589 1049 2645 crvrcittrtssent

260 2694 340 2747 eum,
361 2690 522 2752 aeceperunt
533 2682 691 2737 vestimenta
705 2682 780 2752 ojus,
806 2691 832 2736 et
847 2680 967 2737 lecerunt
981 2697 1048 2751 qua·

261 2777 441 2839 tuorpartes3
467 2771 610 2843 unricuique
624 2770 701 2828 millti
723 2780 843 2841 partem,
871 2780 898 2827 et
919 2772 1046 2827 tunicam.

259 2858 418 2917 Erataulem
433 2862 521 2918 tunica
536 2862 716 2931 inconsutilis,
732 2862 848 2935 desuper
860 2870 985 2918 contexta
1000 2878 1049 2935 per

259 2957 343 3007 totum
357 2968 364 3007 r
380 2950 505 3008 dixerunt
527 2967 592 3024 ergo
613 2952 647 3009 ad
671 2954 803 3021 invicem,
823 2954 880 3009 Non
896 2954 1047 3011 scindamus

259 3054 317 3097 sam
327 3082 334 3108 ,
346 3042 394 3098 sed
404 3043 588 3100 sortiamurde
603 3044 647 3099 illa
657 3044 732 3114 euius
746 3045 791 3101 sit.
806 3044 840 3101 Ut
851 3042 987 3115 Scriptura
998 3045 1049 3098 im-

258 3130 376 3201 pleretur
385 3132 496 3203 dicens,
511 3134 602 3189 Partiti
615 3143 676 3192 stant
690 3136 846 3191 vestimenta
860 3150 918 3191 mea
929 3136 999 3201 sibi,
1019 3145 1047 3191 et

259 3220 399 3279 investem
412 3238 499 3279 meam
509 3225 637 3283 miserunt
651 3235 759 3287 sortem.
776 3246 786 3281 ι
802 3226 911 3281 Factum
924 3235 964 3280 est
975 3226 1046 3295 quaed

258 3308 399 3369 voluerunt
411 3313 515 3371 ludaei:
532 3332 584 3371 non
596 3318 663 3389 ipsi,
679 3318 727 3373 sed
743 3317 840 3374 milites
859 3318 903 3388 qui
920 3318 1047 3388 parebant

257 3400 360 3471 Pilato,
381 3404 516 3475 judicante
532 3407 607 3479 ipso,
627 3407 816 3465 crucifixerunt
828 3409 936 3475 lestnn;
962 3418 989 3465 et
1004 3419 1046 3464 tn-

258 3508 319 3550 men
332 3494 354 3551 si
366 3496 532 3566 voluntates,
555 3499 579 3554 si
599 3498 725 3567 insidias,
740 3500 762 3555 si
776 3514 902 3571 oporam,
918 3502 940 3557 ιι
963 3502 1046 3556 tradi·

256 3586 375 3657 tionem,
390 3598 525 3661 postremo
539 3592 562 3647 si
588 3586 777 3663 extorquentes
800 3594 930 3651 clamores
952 3612 1044 3652 eorum

256 3678 417 3748 cogitemus,
432 3682 516 3752 magis
527 3670 710 3753 utique'ludaei
725 3684 913 3741 crucifixerunt
923 3686 1025 3742 lesum.

290 3768 318 3824 2.
340 3770 392 3827 Sed
406 3770 440 3827 de
454 3773 594 3842 partitione
616 3784 644 3831 et
666 3776 804 3832 sortitione
827 3778 1044 3834 vestimentorum

256 3859 315 3929 ejus
328 3876 381 3915 non
396 3873 437 3918 est
448 3871 639 3931 praetereunter
651 3866 821 3935 loquendum.
834 3868 959 3937 Quamvis
972 3872 1042 3924 coint

255 3962 350 4003 omnes
362 3948 536 4021 Euangelistna
558 3962 671 4023 quatuor
692 3954 768 4023 lustjus
792 3957 831 4011 rei
853 3958 1042 4026 meminerint,

154 4087 158 4093 .
255 4038 346 4093 anteri
363 4047 450 4093 ιιιιιιιι
464 4040 573 4097 brevius
592 4060 670 4113 apuam
686 4044 801 4102 Jvnnrnnes
819 4066 825 4102 :
841 4058 868 4102 et
881 4050 970 4104 clattse
985 4050 1040 4117 illi,

256 4124 309 4181 iste
329 4142 393 4183 vero
405 4132 582 4199 apertissime.
597 4132 662 4186 Nam
677 4134 815 4190 Matthaeus
828 4138 865 4191 nit
879 4156 886 4193 :
902 4135 1043 4209 Postquam

254 4224 339 4271 cutem
353 4220 531 4287 erucifixerunt
551 4240 623 4288 enm,
648 4225 784 4281 diuiserunt
806 4230 948 4283 testinnentn
969 4232 1040 4301 ejus,

254 4316 345 4361 sortem
363 4309 506 4384 mittentes(
521 4312 613 4368 liottlt.
629 4330 714 4385 xvvn,
730 4318 785 4391 55).
800 4320 902 4376 llarcus
917 4340 924 4377 :
941 4322 971 4375 Et
981 4340 1042 4377 crn-

254 4396 381 4471 cifieentes
401 4418 472 4468 eunt,
499 4403 635 4459 diuisertntt
662 4408 805 4463 uestimento
829 4411 900 4481 ejus,
920 4412 1042 4469 annitentes

254 4496 345 4543 sortem
358 4494 493 4561 stanneis,
507 4496 562 4565 quis
573 4496 632 4567 quid
642 4496 736 4553 tolieret
748 4496 841 4572 (licre.
856 4516 901 4567 xv,
916 4501 972 4576 it).
985 4504 1041 4559 Lu·

253 4592 299 4634 cas
314 4596 322 4633 t
338 4577 482 4638 Diuidentes
505 4600 562 4639 sevo
575 4588 719 4642 restituente
737 4591 806 4663 ejus,
831 4592 950 4647 miserunt
963 4604 1041 4649 sortes

255 4670 330 4743 (Lae.
344 4687 420 4742 ιιιιι,
437 4674 492 4750 ιι).
507 4676 622 4735 loannes
633 4691 720 4737 anatem
732 4689 759 4737 et
771 4692 835 4753 quot
847 4694 934 4755 partes
945 4684 979 4742 de
993 4703 1041 4744 ve-

252 4766 386 4824 stimentis
410 4772 467 4839 ejus
481 4771 604 4839 lecerirut,
622 4775 706 4841 dixit,
732 4778 757 4833 id
780 4790 836 4844 est,
862 4790 990 4852 qunatuor,
1012 4791 1040 4838 ut

253 4858 369 4928 sirrgnlas
384 4860 516 4918 tollerent.
540 4864 616 4921 Unde
630 4879 739 4937 apparet
758 4882 872 4941 qurntuor
887 4872 967 4929 lauisse
988 4876 1039 4930 mi-

251 4946 313 5004 lites
326 4950 370 5021 qui
385 4953 412 5007 in
425 4968 457 5007 eo
476 4956 653 5027 crucifigendo
667 4962 772 5030 prraesidi
787 4974 931 5033 posunerunt
956 4966 1040 5022 ilani-

252 5035 318 5094 leste
332 5041 427 5113 quippe
438 5043 494 5111 ait,
508 5044 602 5101 ililites
612 5065 670 5121 erno
685 5067 742 5105 ιιιιιι
759 5052 943 5122 erutrifiaissent
962 5072 1038 5125 nent,

251 5141 401 5201 occeperunt
413 5139 557 5191 oestinnento
571 5140 643 5208 ejus,
658 5148 683 5194 et
697 5143 807 5211 [ecerurrt
817 5156 925 5215 quantuor
936 5158 1038 5219 portes,

251 5220 389 5292 nanninus,
407 5226 481 5280 militi
501 5236 612 5300 partein,
633 5240 656 5285 et
679 5234 805 5302 turtieom;
828 5238 1037 5299 subaudiendum

251 5318 309 5377 ιιι,
332 5328 489 5384 accerserunt
505 5336 511 5373 :
534 5328 563 5374 nt
577 5322 627 5378 iste
639 5323 674 5377 sit
688 5338 800 5392 sensus,
814 5328 980 5400 deceperunt
993 5350 1039 5391 uo-

251 5399 373 5456 stimcnta
387 5404 446 5474 ejus
457 5447 464 5473 ,
479 5416 506 5463 et
516 5410 635 5467 lecerunt
646 5424 758 5485 qrratnor
769 5429 855 5486 partes
866 5460 875 5486 ,
897 5424 1038 5495 tvtuieuique

252 5490 326 5546 untiliti
347 5506 464 5565 partem3
479 5514 638 5573 acceperunt
650 5516 678 5561 ct
691 5510 817 5564 tannieavn.
835 5512 866 5567 Et
881 5513 920 5569 sic
933 5514 1038 5573 lucutns

250 5588 309 5649 est,
336 5594 364 5637 ut
377 5584 410 5642 dc
423 5592 526 5649 cnt'eris
541 5597 704 5653 vestimentis
719 5598 816 5655 nullam
844 5613 943 5659 sortem
972 5610 1036 5665 ntis-

283 5693 292 5725 ¹
303 5694 340 5745 ιιι
350 5708 436 5757 naues
445 5708 498 5754 ιιιι.
510 5706 570 5757 inditi
582 5721 640 5761 vero
649 5692 748 5777 ιιιιιιιιι,
760 5720 783 5765 et
794 5711 870 5779 filittnt
882 5716 944 5781 eius

634 264 640 275 ’
665 328 670 336 ·
732 310 763 367 vn
781 305 919 369 tonnms
937 262 1169 377 attrectanti,
1190 306 1219 366 ι.
1238 308 1421 373 nucusvau

1112 437 1170 480 sam
1191 441 1252 485 esse
1264 428 1417 500 videamus;
1431 432 1478 491 sed
1496 434 1529 493 dc
1543 440 1630 496 tunica
1642 458 1721 512 quant
1733 448 1814 505 simvrl
1835 469 1891 513 cum

1111 518 1216 571 catoris
1240 531 1421 592 acceperunt,
1438 525 1485 580 aed
1508 542 1561 582 non
1588 530 1714 591 similiter
1737 537 1894 602 diviserunt.

1111 604 1151 662 ile
1166 607 1215 663 lmc
1232 611 1303 665 enim
1317 615 1437 683 sequitur
1448 632 1598 689 exponens,
1625 624 1690 682 Erat
1705 640 1791 687 ιιιειιι
1813 639 1893 693 tunna

1110 693 1274 767 inconsutilis,
1289 701 1397 773 desuper
1410 715 1525 762 contestu
1538 717 1846 780 periermeniarum
1860 729 1891 785 de

1110 789 1154 844 illa
1167 801 1265 849 sortem
1280 795 1410 853 miserunt
1422 815 1533 858 nameus
1546 820 1553 856 ι
1567 804 1691 864 Diurnnt
1703 828 1785 885 erpo,
1800 818 1890 889 iniquit,

1109 879 1269 949 adinvicem,
1291 882 1352 940 Non
1364 887 1509 947 scindentes
1520 910 1586 959 eom,
1601 896 1645 953 sed
1656 902 1794 957 sortiumur
1807 910 1840 960 de
1851 911 1894 963 illu

1108 972 1181 1041 enjus
1193 974 1235 1027 sit.
1250 966 1367 1045 Apparet
1378 980 1466 1052 itaque
1480 982 1506 1037 in
1519 984 1578 1041 aliis
1591 990 1709 1045 vestiltvus
1718 997 1834 1063 aquales
1848 1014 1891 1054 eos

1109 1059 1234 1118 lanbuisso
1248 1075 1351 1136 partes,
1373 1079 1404 1126 ut
1423 1074 1514 1129 sortiri
1538 1090 1648 1135 necesse
1673 1096 1726 1137 non
1749 1083 1851 1141 luerit:
1867 1090 1890 1143 in

1108 1148 1152 1204 illa
1163 1166 1228 1208 vero
1238 1170 1288 1210 una
1300 1172 1354 1213 non
1367 1174 1414 1216 eos
1425 1161 1524 1220 habere
1537 1168 1656 1237 potuisse
1666 1171 1783 1243 singulas
1796 1189 1890 1247 partes,

1107 1241 1159 1295 nisi
1172 1242 1356 1317 scinderetur,
1375 1260 1406 1305 ut
1420 1267 1521 1323 patrnos
1532 1257 1590 1326 ejus
1608 1259 1737 1319 inutiliter
1751 1268 1889 1335 tolloneum

1107 1332 1177 1403 quod
1190 1349 1224 1390 ne
1239 1333 1375 1407 iacerent,
1389 1343 1422 1397 ad
1436 1361 1517 1401 unum
1530 1363 1590 1405 ιιιι
1603 1356 1743 1423 pervenire
1754 1360 1890 1417 sortitione

1106 1424 1267 1481 maluerunt.
1291 1429 1376 1501 lintius
1400 1438 1570 1508 evangelistae
1593 1447 1737 1501 inarrationi
1763 1462 1890 1507 consonat

1106 1514 1186 1571 etiam
1200 1519 1384 1589 propheticum
1398 1528 1595 1599 testimonium,
1617 1536 1688 1606 quod
1700 1539 1794 1607 etipse
1806 1544 1890 1598 eonti-

1107 1621 1160 1661 nuo
1172 1608 1348 1682 subjungens,
1366 1615 1400 1671 Ut
1419 1620 1555 1691 scripturo,
1571 1624 1669 1695 inquit,
1686 1628 1831 1699 inspienter
1854 1635 1891 1687 di·

1105 1712 1173 1765 cens,
1191 1696 1283 1754 Portiti
1295 1712 1352 1757 sunt
1363 1707 1510 1763 uestimento
1528 1728 1582 1766 rnen
1594 1713 1655 1783 sibi,
1673 1725 1696 1770 et
1711 1734 1788 1789 super
1803 1733 1891 1778 asten

1105 1801 1187 1840 meum
1196 1789 1319 1845 manunt
1331 1802 1432 1850 sortem.
1447 1796 1503 1852 Non
1517 1802 1608 1870 evriru,
1634 1805 1685 1871 ait,
1699 1808 1802 1874 sortiti;
1826 1812 1889 1876 sed,

1105 1877 1192 1946 pertiti
1207 1893 1281 1935 :nee
1292 1882 1345 1951 ait,
1361 1887 1506 1945 sortientes
1519 1892 1607 1959 partiti
1619 1903 1681 1948 sunt
1692 1913 1700 1961 ;
1713 1896 1759 1952 ιιι
1772 1898 1799 1953 in
1813 1909 1889 1956 caete-

1105 1970 1144 2026 ris
1154 1971 1319 2030 vestimentis
1332 1985 1431 2033 sortem
1441 1983 1551 2037 omnino
1564 2000 1617 2039 non
1629 1988 1786 2054 nominans,
1800 2003 1889 2060 postea

1103 2059 1186 2129 dixit,
1200 2071 1224 2116 et
1236 2064 1363 2120 investem
1375 2084 1455 2123 meone
1470 2072 1591 2129 misnunt
1611 2086 1720 2146 sortem,
1736 2090 1846 2150 propter
1860 2084 1888 2137 il·

1103 2152 1156 2207 lam
1178 2156 1308 2226 reliquam
1330 2159 1455 2215 tunicam.
1471 2162 1511 2218 Ile
1523 2179 1574 2233 qua
1596 2182 1626 2222 re
1649 2168 1735 2225 dicum
1749 2172 1821 2241 quiid
1838 2174 1890 2243 ipse

1103 2236 1259 2308 donaverit,
1275 2255 1334 2297 cum
1349 2244 1422 2313 prius
1435 2261 1494 2301 eam
1508 2264 1567 2317 qurc
1588 2250 1688 2307 oboriri
1712 2263 1818 2324 potest,
1833 2266 1889 2311 tan-

1102 2342 1181 2397 quam
1203 2329 1378 2402 Evangelistte
1398 2334 1466 2390 inter
1490 2352 1520 2392 se
1540 2338 1709 2411 discrepent,
1733 2344 1889 2399 mltrvrm'cnu

1102 2417 1312 2488 propulsavero,
1327 2422 1513 2483 demonstrans
1526 2428 1624 2485 nullius
1637 2440 1794 2488 ceterorum
1812 2434 1888 2489 verba

1102 2508 1247 2564 narrationi
1261 2511 1371 2566 loannis
1384 2529 1444 2569 esse
1453 2519 1596 2573 contraria.

1137 2598 1164 2653 3.
1184 2598 1322 2657 ιιιιιιιιιιιι
1335 2602 1406 2658 enim
1424 2603 1558 2675 dicendo,
1582 2607 1727 2665 Dirimant
1746 2614 1890 2669 restituente

1101 2689 1173 2762 ejus,
1187 2702 1280 2747 sortem
1292 2692 1426 2764 mittentes,
1441 2697 1567 2761 adtotam
1580 2700 1735 2757 divisionem
1748 2706 1890 2761 restivnen·

1102 2790 1188 2837 torum
1200 2783 1283 2839 voluit
1293 2784 1401 2856 intelligi
1411 2788 1491 2843 etiam
1502 2791 1618 2846 tunicam
1628 2792 1776 2863 pertinere,
1791 2795 1827 2851 de
1840 2811 1889 2867 qua

1100 2880 1200 2929 sortem
1224 2875 1371 2943 miserunt;
1398 2879 1458 2950 quia
1485 2881 1577 2952 utiquo
1599 2898 1694 2942 omues
1711 2896 1800 2943 vestes
1826 2888 1890 2944 diri·

1099 2961 1205 3032 dendo,
1219 2964 1246 3020 in
1258 2966 1353 3036 quitus
1362 2978 1391 3024 et
1403 2969 1447 3027 illa
1458 2970 1516 3039 luit,
1528 2973 1562 3029 de
1577 2974 1633 3045 ipsa
1644 2978 1728 3033 sortiti
1741 2988 1816 3033 sant.
1827 2980 1891 3037 Tale

1099 3060 1141 3107 est
1153 3054 1233 3111 edam
1247 3057 1317 3126 quod
1332 3058 1369 3113 ait
1382 3059 1484 3127 Lucas,
1499 3062 1642 3121 dividentes
1660 3070 1807 3123 restituente
1821 3081 1888 3140 ejas,

1100 3144 1222 3199 ntisnunt
1230 3157 1309 3202 sortes
1319 3164 1328 3202 .·
1337 3144 1488 3208 dividentes
1494 3156 1565 3209 enim
1578 3159 1746 3214 veneruntad
1759 3163 1888 3231 tunicam,

1098 3232 1132 3290 de
1145 3250 1195 3305 qua
1208 3234 1273 3293 iacto
1287 3248 1329 3294 est
1340 3242 1462 3310 sortitio,
1486 3254 1515 3301 ut
1529 3246 1597 3303 inter
1610 3264 1657 3306 eos
1671 3252 1793 3308 tranversa
1810 3256 1890 3310 vesti-

1098 3335 1248 3382 mentorum
1259 3328 1316 3398 cjus
1329 3328 1423 3388 divisio
1435 3337 1623 3405 compleretur.
1632 3339 1700 3408 Quid
1711 3346 1890 3401 auteminter·

1098 3426 1139 3472 cat
1154 3425 1242 3473 utrum
1268 3420 1387 3490 dicatur,
1410 3424 1555 3483 Dicidentes
1570 3433 1690 3488 eniserunt
1704 3446 1802 3503 sortes,
1820 3438 1891 3509 quaed

1097 3509 1135 3564 ait
1145 3508 1247 3578 tunm
1263 3528 1314 3580 un,
1328 3514 1489 3588 Divisernnt,
1503 3532 1594 3576 sortem
1607 3526 1748 3595 mittentes,
1764 3530 1839 3599 quod
1852 3531 1889 3585 ait

1098 3596 1236 3656 llattlrnus
1251 3619 1259 3658 t
1274 3604 1325 3660 nisi
1339 3608 1409 3677 quod
1426 3608 1511 3665 Lances
1523 3611 1636 3669 dicendo
1647 3625 1740 3683 sortes,
1755 3618 1889 3687 plvrralem

1097 3706 1146 3761 pro
1158 3694 1286 3765 singulari
1310 3714 1419 3754 nuntero
1429 3703 1535 3773 posuit;
1550 3722 1609 3775 oute
1622 3706 1719 3765 locutio
1741 3709 1891 3782 Scripturis

1096 3787 1195 3842 sanetis
1221 3787 1325 3844 insolita
1348 3808 1400 3847 naon
1424 3802 1483 3849 est:
1498 3798 1619 3867 quanvvis
1637 3801 1757 3857 nonnulli
1778 3805 1890 3862 cimices

1096 3884 1188 3931 sortem
1211 3882 1376 3948 reperiantur
1399 3882 1497 3941 haltere
1510 3884 1558 3960 (ι),
1581 3905 1635 3945 non
1657 3893 1758 3947 sortes?
1782 3895 1891 3953 ιιιιιιιι

1096 3964 1184 4037 itaque
1206 3970 1278 4026 solus
1298 3972 1401 4029 videtur
1415 3976 1529 4047 aliquam
1544 3978 1664 4037 intulisse
1686 3984 1865 4053 questionem
1879 4004 1888 4040 ε

1095 4056 1208 4115 dicendo
1220 4063 1308 4129 eninr,
1323 4062 1451 4121 ilittentes
1472 4079 1563 4123 sortem
1585 4073 1724 4142 superus,
1747 4076 1805 4144 quis
1825 4077 1889 4149 quid

1095 4148 1209 4217 tolleret,
1235 4161 1359 4222 tanquam
1383 4172 1464 4225 super
1486 4160 1609 4216 omnibus
1622 4164 1808 4234 vestimentis,
1832 4187 1888 4224 non

1094 4250 1174 4309 stupor
1192 4240 1248 4296 sola
1262 4244 1348 4297 tunica
1360 4260 1420 4301 sors
1430 4248 1510 4304 otissa
1523 4249 1574 4313 sit,
1588 4252 1690 4309 loeutus
1702 4255 1820 4313 videtur.
1835 4259 1888 4315 Sed

1094 4331 1174 4384 etiam
1186 4331 1349 4391 lriclnevitas
1362 4336 1550 4397 obscuritatem
1563 4344 1623 4398 lacit
1632 4364 1639 4400 :
1649 4346 1688 4400 sic
1697 4346 1772 4402 enirn
1782 4348 1889 4405 dictum

1094 4429 1153 4489 est,
1167 4421 1295 4481 liitterntes
1309 4436 1401 4482 sortem
1422 4446 1500 4501 suuper
1511 4432 1565 4501 eis,
1578 4448 1610 4489 ae
1620 4435 1643 4490 si
1657 4434 1812 4507 diceretur,
1829 4441 1891 4497 ttiu-

1095 4516 1181 4567 tentes
1195 4524 1294 4569 sortem
1307 4532 1367 4571 cum
1389 4518 1588 4577 dividerentur:
1601 4524 1671 4594 quod
1682 4535 1709 4581 et
1722 4526 1823 4583 laetum
1836 4541 1890 4586 est.

1093 4601 1217 4656 01nuium
1231 4604 1329 4675 quippe
1342 4608 1561 4666 vestimentorum
1575 4614 1632 4683 ejus
1642 4614 1738 4670 divisio
1749 4620 1891 4689 completa

1093 4706 1147 4744 non
1159 4702 1248 4758 esset,
1263 4694 1312 4749 nisi
1323 4705 1395 4752 sorte
1409 4700 1547 4756 claruisset
1559 4703 1617 4773 quis
1631 4706 1711 4761 etiam
1726 4706 1804 4763 illnru
1819 4712 1893 4765 tuni-

1093 4795 1151 4835 enm
1167 4781 1288 4851 tolleret,
1313 4795 1342 4839 ut
1353 4788 1393 4843 sic
1405 4792 1541 4845 courtenrtio
1553 4793 1726 4852 dividentium
1741 4798 1891 4865 detinetur,

1093 4878 1136 4935 vel
1149 4880 1219 4935 nulla
1235 4882 1322 4952 potitus
1344 4885 1468 4941 oriretur.
1489 4886 1565 4957 Quod
1585 4904 1648 4960 ergo
1673 4894 1722 4959 ait,
1746 4894 1816 4964 Quis
1829 4898 1893 4971 qnid

1094 4973 1211 5041 tolleret,
1233 4976 1447 5048 qviandoquidem
1462 4978 1514 5036 ltoe
1524 4980 1589 5037 sorti
1601 4982 1762 5055 deputatur,
1784 5003 1844 5044 nou
1858 4988 1893 5045 ad

1092 5066 1256 5136 omniaque
1276 5068 1360 5125 divisa
1379 5079 1442 5125 ιιιιιι
1455 5072 1611 5129 vestimenta
1626 5074 1799 5133 referendum
1827 5091 1891 5142 est:

1092 5171 1152 5213 sors
1164 5159 1233 5214 enim
1247 5162 1327 5216 missa
1344 5164 1558 5234 est,t1uisillam
1574 5168 1689 5223 tunicam
1704 5169 1817 5228 tolleret
1833 5190 1842 5228 ε
1857 5173 1894 5229 ds

1091 5250 1281 5317 quiquoniam
1306 5267 1415 5307 inerrare
1440 5256 1608 5321 praetermisit
1629 5256 1715 5327 qualis
1728 5260 1833 5328 luerit,
1865 5273 1894 5319 et

1091 5338 1314 5407 quenaadmodnm
1327 5342 1471 5413 equalibus
1481 5343 1557 5399 laetis
1570 5346 1689 5417 partibus
1701 5348 1759 5403 sola
1775 5366 1893 5408 reman-

1092 5426 1173 5495 serit,
1198 5446 1259 5503 qnte
1282 5448 1316 5486 ne
1336 5432 1569 5501 conscinderetur,
1593 5436 1692 5492 venrivct
1718 5436 1743 5491 in
1759 5450 1892 5511 sortem,

1092 5533 1232 5592 propterea
1246 5524 1360 5593 positum
1382 5524 1504 5595 estquod
1518 5527 1572 5596 ait,
1594 5526 1656 5593 Quis
1677 5528 1738 5599 qrrid
1758 5530 1890 5603 tolleret,

1090 5612 1184 5678 idest,
1200 5614 1259 5684 ornis
1270 5631 1328 5670 eam
1342 5615 1463 5671 tolleret:
1478 5625 1601 5688 tanqvtam
1617 5619 1639 5674 si
1653 5628 1735 5674 totum
1751 5618 1793 5675 ita
1807 5621 1889 5681 dice·

1122 5724 1159 5790 (ι)
1169 5704 1206 5775 sic
1213 5724 1284 5776 hodie
1295 5724 1517 5791 terramtenus.

1827 334 1891 394 tait
1989 353 1990 356 ’
