4000 6359
156 314 226 373 2305
882 311 1064 375 tmttotx.
1719 318 1791 383 πω

157 438 205 488 εει.
220 426 344 509 Exceptis
360 426 433 483 enin
454 426 587 497 peccetis,
608 441 669 499 que
690 433 797 484 oonstst
816 426 941 484 omnibus
995 425 1119 495 estquod
1132 425 1199 482 dixit
1212 426 1435 499 perpropbetsm,
1447 428 1635 490 Nalomortsns
1646 436 1788 507 modestis,

157 516 216 558 esse
235 497 342 559 illicita,
360 514 413 553 nou
432 500 520 555 omnia
533 498 613 554 licent
624 499 792 569 potentibus,
807 514 866 569 ause
879 507 941 555 sunt
995 508 1092 553 tantum
1107 508 1135 552 ut
1146 509 1284 553 reuertatur
1294 509 1317 553 et
1327 502 1401 555 sinat.
1414 500 1453 557 ita
1468 502 1565 559 facturn
1578 516 1619 560 est
1632 517 1660 562 ut
1674 510 1788 565 moritu-

157 585 279 629 concessa
292 570 444 625 humilibus.
469 568 628 640 ιιιιςιιιιιιιιε1
653 570 725 625 enim
747 570 848 626 bomini
861 584 943 640 nego÷
994 568 1032 623 ris
1054 578 1221 651 peccatorum
1234 585 1315 627 carisa
1334 570 1476 637 Ninivitis,
1497 575 1680 645 ignosceretur
1700 581 1788 651 poerri·

158 643 214 699 tiari
235 639 425 709 deformeest,
439 649 466 695 et
487 641 610 711 popinam
625 640 727 713 ingredi
751 641 867 697 rrntabile
888 650 939 697 εει.
995 648 1077 695 tenus
1100 641 1287 712 subsequente.
1312 641 1408 713 litonid
1425 644 1496 700 enim
1511 656 1617 702 centum
1639 650 1716 705 annis
1737 651 1789 709 sub

157 712 325 777 miratoribus
338 726 442 782 querque
457 709 533 768 fenus
546 710 652 767 infamia
665 722 715 767 εει.
728 711 758 767 Si
771 727 835 782 ergo
854 713 879 766 in
899 711 943 769 lris
993 706 1051 793 Noe
1061 725 1150 793 arcam
1165 712 1314 768 inieuimus
1324 712 1478 771 fabricatam
1491 714 1566 785 (Gen.
1581 734 1609 782 v,
1624 720 1669 786 ὄις
1681 736 1733 788 vn,
1745 720 1787 794 6),

157 784 256 841 Ιειιιεε
268 781 367 838 inventi
381 784 490 839 notandi
505 792 583 849 sunt,
623 791 703 838 uanto
718 784 802 853 magis
814 784 854 837 rei
874 797 936 839 oon·
994 794 1046 835 ntsr
1060 788 1088 836 ut
1101 782 1220 838 videntes
1234 793 1261 839 et
1275 784 1413 841 audientes
1425 787 1489 857 quid
1500 788 1650 845 immineret
1660 792 1788 848 emenda·

157 854 277 911 stituendi
293 864 354 908 sunt
365 896 374 921 ,
387 854 411 909 si
428 798 681 923 macararintieer
692 851 743 909 boc
755 868 819 923 ergo
831 862 942 923 apparet
993 860 1055 906 rent
1076 853 1124 934 sei
1144 852 1283 909 Neminem
1304 856 1375 911 enirn
1391 856 1460 913 Deus
1472 860 1528 914 vult
1547 860 1643 929 perire.
1663 862 1730 917 llino
1749 870 1791 919 est

156 924 234 981 David
245 924 402 995 gratissime
415 940 553 995 peccasse,
566 933 594 980 et
606 924 712 995 quidem
727 923 826 993 duplici
838 925 918 979 trrodo
932 941 939 978 :
994 922 1064 977 unde
1078 940 1104 979 tn
1115 922 1257 981 Salomone
1273 925 1401 997 legimns,
1418 928 1559 996 moniam,
1573 930 1658 1001 inquit
1668 973 1676 1001 ,
1688 932 1790 989 ditissi-

155 1011 295 1053 consessus
318 1002 427 1063 tamen,
452 1006 479 1051 et
492 995 627 1051 homicidii
649 1003 676 1049 et
694 994 817 1050 adulterii
836 997 941 1051 veniam
994 1009 1051 1049 mus
1068 994 1184 1049 misertus
1196 1006 1233 1050 est
1247 996 1420 1065 penitentibus
1439 998 1531 1072 (Ereti.
1551 1016 1605 1067 ιιι,
1626 1004 1666 1075 5).
1682 1003 1717 1059 Et
1738 1005 1789 1061 ite-

156 1075 310 1123 consecutus
321 1075 381 1133 cst,
395 1076 423 1123 et
441 1066 513 1137 quod
533 1065 722 1135 estamplius,
736 1064 839 1121 dellens
856 1066 941 1123 refos-

155 1148 239 1193 matus
255 1146 306 1195 εει.
318 1134 466 1193 flumenin
479 1152 495 1193 a
509 1138 635 1207 propbeta
650 1136 752 1191 Nathan
767 1149 939 1205 argueretur,

154 1220 288 1281 peccatum
302 1210 394 1265 celare
405 1225 458 1263 non
472 1222 553 1265 ausus
566 1216 617 1274 εει,
630 1208 677 1263 sed
691 1206 829 1264 coufessus
848 1218 889 1263 εει
900 1208 942 1264 di-

153 1294 233 1346 eens,
258 1276 368 1335 Peccaui
389 1279 507 1335 Domina.
527 1279 602 1335 Tunc
616 1279 755 1349 respondit
773 1277 900 1351 propbeta
914 1287 942 1335 et

153 1348 234 1410 dixit.
249 1349 359 1406 Abstulit
372 1351 496 1406 Dominus
507 1360 636 1422 precntum
647 1362 736 1417 tuum,
748 1360 773 1405 et
783 1367 834 1405 uon
846 1352 940 1405 utaris·

153 1421 203 1485 sis,
216 1424 335 1492 puanium
354 1422 500 1489 penituisti.
514 1422 617 1492 Etonia
631 1422 763 1478 invenitur
773 1430 863 1491 postea
876 1437 941 1491 pro·

153 1491 294 1563 pltetasse,
307 1492 417 1549 dubium
430 1507 483 1549 uon
496 1500 539 1549 est
553 1492 623 1549 bunc
636 1492 818 1549 reformatum.
830 1490 899 1547 Nant
912 1503 941 1548 et

152 1562 241 1617 Achab
254 1572 417 1633 correptusa
432 1566 559 1633 propbeta
575 1574 682 1633 propter
694 1574 808 1619 mortem
816 1562 939 1619 Nabuttte

152 1632 205 1687 ibat
226 1634 353 1702 plorans,
377 1644 405 1690 ει
424 1634 555 1690 cnnscidit
568 1636 725 1691 vestimenta
738 1650 805 1701 sua,
820 1644 849 1690 et
870 1650 956 1705 pree·-

151 1703 231 1759 oinsit
252 1720 284 1761 se
304 1706 410 1770 cilicio,
424 1715 452 1762 et
474 1704 629 1761 factumest
652 1707 762 1763 verbum
788 1705 892 1761 Domini
912 1706 941 1761 in

151 1790 228 1830 manu
244 1777 316 1831 servi
333 1776 392 1847 ejus
405 1777 470 1832 Elim
482 1776 516 1831 de
533 1777 626 1832 Achab
636 1818 644 1843 ,
656 1787 684 1831 et
706 1776 773 1832 dixit
788 1777 916 1833 Dominus
931 1794 938 1830 :

150 1845 265 1913 Audisti,
279 1849 400 1917 quoniam
421 1857 504 1902 matus
522 1857 559 1903 est
574 1848 660 1903 uetat
673 1864 691 1901 ιι
709 1848 773 1917 fame
794 1849 871 1903 sceaf
888 1864 941 1902 stom

150 1916 265 1971 metutam
285 1919 392 1973 simulo
404 1919 432 1972 itt
445 1917 532 1974 diebus
545 1920 600 1989 ejus
615 1917 659 1992 (ΙΙΙ
673 1918 738 1989 nep.
753 1935 814 1984 ιιι,
829 1917 938 1992 stus).

151 1986 183 2041 lit
192 1987 316 2045 Ninivitis
329 1999 437 2071 peccata
447 1988 617 2056 deflentibus,
629 1988 784 2045 imminente
795 2000 881 2045 morte
894 2006 939 2045 re-

149 2069 237 2127 parata
254 2069 299 2116 est
310 2068 362 2115 vtta
378 2059 462 2132 (fonte
488 2077 532 2126 ιιι,
549 2062 604 2128 ΙΙΙ).
629 2059 702 2117 Ecce
715 2069 831 2130 quantus
852 2060 941 2131 profe-

149 2136 206 2184 ctus
215 2140 256 2186 εει
270 2132 444 2201 pmtriteatite.
458 2131 511 2187 Sed
521 2134 589 2187 forte
603 2132 733 2187 dicature
745 2142 856 2196 contra,
871 2130 942 2187 Con·

149 2213 221 2255 cessa
232 2202 341 2285 qtritlenr
362 2214 422 2269 est,
439 2203 555 2257 sednon
572 2201 607 2258 de
621 2205 733 2259 crimine
757 2202 938 2258 idololatriae:

149 2284 267 2341 mtarnvrs
288 2273 359 2328 enim
378 2273 537 2343 lantgravio
549 2274 621 2341 sint,
634 2274 772 2343 maiusest
784 2283 873 2330 tamen
887 2274 941 2329 cri·

148 2356 207 2397 men
222 2344 389 2399 idololatriae.
403 2344 485 2399 flecte
500 2354 588 2399 tamen
598 2346 707 2413 explosa
716 2353 757 2400 est
768 2361 821 2400 non
836 2360 870 2399 ει
883 2361 941 2400 mo·

149 2410 205 2467 dira
216 2425 293 2484 parte
306 2413 445 2469 Nouatiani
455 2416 579 2477 assertio,
590 2431 641 2486 quta
654 2415 708 2470 duo
720 2416 832 2470 crimina
845 2417 936 2485 gravia

148 2496 273 2541 concessa
296 2486 458 2555 peanitentiae
478 2486 611 2541 uidentur.
636 2485 703 2553 Qnia
726 2487 748 2539 si
773 2486 940 2542 fornicationi

148 2552 248 2624 ignosci
259 2570 313 2612 uon
326 2557 425 2623 debet,
446 2557 514 2611 sient
535 2555 682 2611 Novatiano
703 2556 824 2618 videtur,
839 2566 940 2625 quanto

146 2628 231 2695 magis
242 2627 395 2694 homicidio,
409 2636 456 2683 aut
466 2626 616 2681 adulterio?
629 2624 682 2681 Sed
696 2625 758 2681 binc
769 2627 873 2681 vanitas
882 2627 940 2697 eius

146 2706 274 2767 apparet,
289 2700 396 2769 quando
418 2699 475 2753 ltaec
499 2713 559 2767 otras
571 2696 694 2767 praviora
717 2704 796 2778 sunt,
811 2711 939 2753 concessa

145 2767 295 2836 probantur
309 2788 316 2823 ι
332 2770 504 2840 quamobrem
520 2782 605 2833 nurse,
619 2782 653 2821 ast
666 2767 814 2823 idololatris
827 2768 938 2823 concedi

145 2850 225 2906 posse
240 2841 393 2909 promiserit
405 2841 486 2902 Deus,
501 2838 690 2908 rettuireudum
701 2848 752 2893 est.
769 2837 856 2895 Dmna
867 2839 939 2895 enim

144 2910 214 2977 quod
227 2909 290 2978 jure
307 2911 350 2965 bic
362 2925 519 2966 concessum
535 2926 587 2965 non
603 2908 697 2974 fuerit,
713 2923 764 2963 neo
776 2909 802 2963 in
821 2911 939 2965 futurum

142 2981 245 3103 poterit
256 2981 378 3037 concedi.
395 2980 445 3036 llic
463 2981 551 3047 enim,
572 2980 642 3035 sicut
652 2979 719 3034 disit
735 2979 878 3042 Dominus,
894 2990 941 3065 aut

142 3060 347 3177 lituum*
355 3052 507 3179 bilbili
514 3050 879 3204 *subtilissimi
888 3068 940 3177 ’ll

143 3191 354 3276 condemnatio..
365 3193 459 3276 Dinnis
477 3193 548 3275 enim
562 3194 608 3275 qui
621 3191 665 3247 bic
681 3192 938 3277 surereprobatus,

142 3260 939 3416 subtilissimusillusimus

143 3400 460 3475 ieremiampropbetam
476 3423 483 3459 ε
503 3404 583 3468 Vade,
593 3414 617 3459 et
631 3405 681 3472 dis,
696 3404 791 3474 utquit,
806 3404 939 3461 limertere

144 3473 177 3527 ad
189 3491 249 3539 me,
263 3477 426 3530 commoratio
438 3474 540 3540 lsrael,
555 3476 617 3530 dicit
629 3475 771 3541 Dominus,
785 3484 811 3528 et
828 3492 879 3530 novt
893 3477 940 3545 lis-

144 3546 217 3599 tttttba
241 3546 324 3601 aciem
335 3563 417 3601 oneum
436 3548 464 3600 iu
477 3562 520 3600 sos
530 3562 540 3600 .·
552 3546 612 3617 quia
630 3545 772 3601 misericors
795 3561 841 3599 eo
861 3562 937 3614 sum,

145 3614 205 3669 dicit
215 3546 357 3685 Annuus,
371 3628 400 3699 et⁸
407 3634 458 3672 nors
472 3618 568 3671 irascor
582 3616 651 3699 uobis
662 3617 689 3670 irs
698 3632 789 3699 eoum.
805 3562 939 3702 geramus-¹

144 3701 202 3740 ttten
214 3702 339 3759 eopnosm
349 3689 470 3743 delictum
483 3698 554 3741 tuum
567 3702 665 3757 :tmpte
681 3696 773 3758 epistt,
789 3695 814 3739 et
833 3700 939 3757 posuisti

144 3756 197 3812 sias
220 3766 278 3812 tuns
299 3760 327 3811 in
346 3759 442 3813 alienos
464 3758 552 3813 subtus
570 3774 644 3813 same
658 3758 756 3829 lipsium
778 3773 939 3815 nemorosum

145 3824 250 3897 (ferun.
272 3844 318 3893 ιιι,
338 3828 388 3897 li,
404 3828 459 3903 Ιό).
481 3830 550 3885 Εεεε
562 3828 626 3899 auid
644 3830 775 3899 promittit
792 3829 831 3883 eis
850 3830 937 3897 Deus,

144 3899 188 3967 qui
208 3908 270 3969 post
285 3899 387 3967 lapsum
401 3900 434 3972 ad
454 3916 485 3968 εε
496 3908 698 3966 convertuntur,
713 3910 744 3955 ut
756 3909 816 3968 post
829 3911 938 3970 aposta·

144 3968 210 4023 tiam
220 3970 352 4041 regressis
368 3971 485 4027 serttittat
495 3978 614 4041 peccatu
634 3970 667 4025 Ει
680 3972 775 4025 iterum
790 3970 854 4026 dicit
869 3972 939 4029 Deos

143 4040 346 4107 perimentium
361 4060 368 4095 ε
380 4040 488 4097 Delicati
501 4042 549 4097 mei
558 4042 748 4096 stimulaverunt
760 4043 813 4096 sias
822 4058 935 4113 cspmas,

143 4109 212 4165 ducti
224 4121 285 4167 sunt
293 4122 321 4165 ut
329 4128 397 4237 ‘pates
402 4112 515 4185 direptus
522 4113 554 4166 ιιι
564 4113 682 4167 inimicis.
690 4112 839 4168 Constotttes
847 4123 936 4181 estate,

143 4180 206 4249 filii,
221 4193 245 4237 et
265 4198 328 4254 proc
363 4194 421 4237 note
431 4185 467 4237 od
479 4183 580 4251 Deum,
595 4184 642 4238 erit
654 4192 735 4238 uestra
748 4185 775 4238 in
789 4183 939 4240 adductione

19 4314 23 4329 ,
142 4254 272 4310 memoria.
296 4252 366 4307 Nom
383 4255 448 4308 sicut
469 4256 607 4337 [uitatem
630 4263 712 4309 uestra
732 4265 759 4309 ut
782 4258 900 4311 erraretis
921 4273 939 4311 o

143 4318 211 4389 Deo,
236 4323 399 4397 duplicabitis
420 4325 502 4381 deeses
527 4334 625 4379 tansum
645 4326 774 4392 conuersi,
799 4334 939 4399 querentes

142 4408 206 4447 eum.
222 4396 273 4461 Qui
287 4399 354 4449 esu'm
366 4394 466 4450 induaris
475 4396 504 4449 in
516 4410 559 4449 sos
569 4398 647 4461 mula,
660 4395 759 4449 inducet
770 4395 798 4450 irs
810 4411 854 4450 sos
865 4406 938 4453 oeter·

142 4478 200 4518 nam
208 4466 400 4536 jucunditatum
421 4482 480 4520 suns
499 4465 579 4520 saiute
594 4475 674 4521 uestra
693 4463 807 4535 (Daruclt
829 4482 866 4531 tv,
890 4467 939 4524 m-

34 4529 42 4547 '
143 4531 233 4607 29).0
251 4537 397 4593 clementia
419 4537 482 4593 Deil
498 4537 723 4607 quomadmodum
739 4536 828 4606 lapsos
843 4552 936 4607 proso·

142 4616 184 4660 cat
194 4616 224 4661 ut
235 4624 267 4663 se
278 4608 402 4677 erigenti
416 4608 550 4677 quomoda
564 4608 686 4663 Ιιειιειιιι
699 4618 727 4663 ut
739 4617 799 4678 post
816 4624 937 4665 errorem

143 4674 273 4733 idolorum
285 4687 454 4735 revertantur
464 4680 499 4735 ad
512 4694 572 4734 cuttt
583 4680 590 4733 l
603 4680 678 4748 quasi
689 4690 764 4749 pater
777 4678 936 4748 benevolus,

143 4744 204 4802 filiis
223 4751 281 4805 suis
297 4748 490 4818 jocunditatem
506 4765 649 4820 perennent
666 4750 795 4820 promittit
808 4750 900 4805 salutis
912 4753 936 4807 si

142 4830 172 4872 ss
193 4824 338 4892 oorrigant.
363 4820 427 4877 ltcm
448 4822 518 4892 apud
537 4821 662 4876 eumdem
685 4823 754 4875 inter
769 4830 866 4877 catera
881 4838 889 4877 ι
905 4822 937 4875 fit

144 4892 272 4945 tudertum
294 4890 354 4945 tlfos
367 4893 394 4947 itt
406 4900 499 4947 teram
517 4892 592 4947 tuam
604 4934 611 4955 ,
625 4900 649 4945 et
667 4891 827 4962 reaedificabo
838 4908 899 4955 eas,
913 4902 937 4947 et

145 4972 193 5015 son
211 4961 367 5028 destituam·
377 4973 401 5017 et
413 4962 561 5035 replantabo
575 4979 635 5029 eos,
657 4971 681 5016 et
701 4979 750 5017 non
763 4962 868 5017 melfam
881 4961 938 5036 (fe-

144 5043 205 5085 tum.
220 5048 300 5099 ιιιι,
317 5033 345 5103 6)
360 5050 367 5088 t
385 5042 413 5087 ut
426 5035 486 5103 quia
501 5034 677 5089 mmrnbtatns
689 5033 811 5099 dixerat,
827 5033 936 5091 Sacrifi-

143 5112 207 5157 sans
215 5104 288 5173 diis,
301 5104 489 5170 eradicabituu
504 5120 538 5162 ne
551 5112 691 5173 peccantes
702 5106 728 5158 in
745 5104 827 5159 Deum
840 5104 937 5176 despa·

144 5182 234 5229 tarent
247 5176 282 5231 de
292 5192 340 5242 se,
354 5175 430 5245 qussi
440 5176 497 5246 jans
508 5176 553 5248 qni
566 5176 781 5231 sacriDcaverant
791 5176 868 5231 idolis
878 5192 937 5232 era·

145 5240 240 5312 dicati,
256 5246 400 5317 replantati
413 5262 466 5301 non
482 5256 601 5319 possent;
618 5246 740 5301 bortatur
751 5262 817 5311 eos,
837 5248 897 5317 qrria
912 5248 935 5304 si

144 5317 300 5382 poeniteant,
314 5326 440 5388 poterunt
450 5318 484 5372 ad
497 5325 594 5374 statum
609 5332 687 5373 suom
700 5319 841 5385 pristinum
853 5320 937 5374 refor-

144 5387 219 5441 mari.
234 5386 372 5445 Sentetrtia
385 5387 457 5444 eninr
478 5399 541 5445 tuuc
553 5399 661 5452 tnanct,
679 5389 701 5443 ri
714 5403 768 5443 nnn
779 5389 936 5446 emertdetur

143 5452 280 5513 delictum.
291 5460 410 5529 Decium
421 5459 543 5515 Ninivitis
559 5460 729 5530 pernionum
738 5471 789 5525 est,
801 5462 863 5531 quia
876 5469 937 5531 post

144 5527 259 5585 triduum
278 5540 444 5587 everteretur
467 5532 561 5587 civitas
574 5546 677 5587 corum.
695 5532 783 5597 Quare
805 5541 865 5601 post
890 5532 936 5587 tri·

142 5596 224 5653 duum
237 5641 244 5665 ,
259 5601 311 5657 nisi
324 5610 354 5657 ut
371 5610 416 5657 aut
436 5604 612 5673 punitus-eut,
627 5612 655 5658 et
667 5605 815 5658 auferretur
828 5611 937 5659 senten·

142 5666 195 5737 ιιι,
208 5679 255 5727 aut
274 5672 302 5727 in
314 5688 348 5729 eo
362 5685 547 5743 permanentes
555 5712 564 5744 ‚
574 5673 673 5746 justius
685 5670 860 5745 deperirent?
880 5674 937 5733 llos

173 5780 501 5857 Rusellanum

993 1078 1069 1133 curn,
1082 1064 1211 1121 Nicerotis
1222 1068 1350 1134 omniunt,
1364 1070 1422 1139 puio
1435 1072 1520 1126 otnnt'a
1534 1082 1615 1142 potes,
1634 1084 1657 1128 et
1670 1074 1790 1131 dissimu-

994 1133 1033 1189 las
1057 1146 1159 1205 peccata
1173 1136 1303 1195 bominum
1323 1149 1427 1211 propter
1487 1142 1618 1197 nitentium
1637 1144 1722 1217 (Sap.
1739 1161 1787 1214 ιι,

993 1202 1263 1279 assumserunt
1284 1208 1413 1267 Dominus
1451 1213 1526 1268 olens
1546 1230 1626 1285 super
1649 1216 1788 1285 perfidiam

992 1274 1165 1345 ludaeorum,
1186 1282 1241 1335 ait:
1256 1280 1415 1349 Jerusaletrs,
1427 1281 1585 1348 Jerusalem,
1599 1302 1656 1353 qum
1666 1288 1788 1357 interficis

993 1343 1155 1419 Propfretas,
1170 1360 1193 1404 et
1212 1351 1312 1422 lapidas
1327 1354 1417 1407 misum
1430 1353 1464 1407 ad
1477 1364 1520 1422 te,·
1536 1357 1633 1426 quoties
1647 1358 1715 1413 solui
1727 1375 1789 1414 eurt-

992 1434 1098 1542 pre‘pore
1118 1418 1185 1487 lilios
1211 1430 1282 1485 tuos,
1306 1424 1516 1505 queamdmodum
1554 1426 1634 1481 allino
1654 1444 1745 1500 conpre
1761 1439 1788 1485 st

993 1506 1028 1557 pu
1040 1490 1077 1544 los
1089 1507 1147 1545 suos
1158 1491 1204 1545 sub
1220 1492 1268 1547 aiis
1279 1510 1343 1561 suas,
1357 1504 1380 1549 et
1391 1496 1514 1567 noluisti(
1547 1498 1611 1551 otti.
1625 1514 1705 1567 ιιιιι,
1722 1447 1786 1571 δῆι

993 1558 1075 1631 lgitur
1094 1576 1200 1631 semper
1213 1564 1341 1620 Dominus
1354 1580 1404 1635 per
1418 1575 1499 1622 totam
1514 1567 1612 1639 Legem
1634 1580 1788 1639 peccatores

992 1632 1027 1687 ad
1046 1646 1075 1687 se
1087 1633 1206 1691 corruerti
1220 1632 1340 1691 hortatur
1351 1677 1359 1705 ,
1371 1638 1465 1693 uolens
1475 1654 1542 1708 opus
1552 1655 1629 1695 suurn
1644 1641 1785 1710 perditioni

992 1716 1053 1757 esse
1065 1700 1228 1770 obnoxium,
1241 1721 1302 1761 cum
1315 1722 1364 1761 nec
1374 1709 1425 1763 alia
1435 1724 1515 1765 causa
1526 1708 1595 1765 datae
1611 1709 1690 1783 begis
1705 1721 1787 1781 esset,

992 1787 1072 1843 quam
1090 1783 1118 1829 nt
1139 1790 1171 1831 ει
1191 1790 1283 1832 errore
1303 1776 1424 1835 lromines
1436 1787 1627 1836 convertantur
1641 1782 1675 1837 ad
1690 1784 1790 1841 veritu-

992 1850 1048 1899 tem
1064 1863 1070 1899 t
1085 1844 1120 1899 ita
1133 1855 1241 1911 tumen,
1257 1855 1287 1902 ut
1299 1848 1325 1901 in
1348 1846 1423 1905 Novo
1437 1850 1609 1907 Testamenta
1624 1860 1717 1909 auctor
1737 1854 1787 1909 Le-

991 1916 1033 1985 gis
1044 1914 1200 1973 clementior
1213 1917 1350 1985 videatur,
1362 1920 1423 1991 quia
1438 1930 1559 1991 ternpore
1568 1938 1622 1993 quo
1636 1938 1790 1980 sacramen·

994 1994 1049 2041 tum
1064 1986 1123 2042 Filii
1134 1988 1174 2041 sui
1192 1990 1294 2043 Domini
1310 1990 1394 2045 nostri
1410 1991 1581 2048 manifestare
1591 1992 1714 2063 dignatus
1728 2003 1787 2061 est,

991 2056 1090 2138 largior
1102 2066 1128 2113 et
1147 2058 1255 2141 uberior
1269 2060 1487 2143 immisericordia
1501 2078 1561 2119 esse
1575 2064 1675 2131 voluit,
1687 2075 1715 2120 ut
1728 2066 1789 2136 plus

992 2128 1789 2289 situumilmsutslstututur

991 2269 1184 2412 iustitis
1195 2271 1790 2427 titilius?ltbtrlltltlll't:

992 2411 1047 2463 mul
1067 2424 1174 2479 peccata
1194 2412 1333 2477 concedit,
1349 2414 1421 2469 nulla
1443 2415 1636 2473 interventente
1656 2417 1788 2476 lamenta-

993 2480 1065 2535 tione
1088 2483 1260 2550 poenitentltu.
1278 2482 1352 2541 Unde
1366 2484 1428 2540 dicit
1446 2486 1569 2543 Paulusa
1605 2487 1709 2554 stolus,
1726 2489 1790 2545 Sine

1052 2550 1140 2606 ilentia
1161 2554 1229 2607 enim
1249 2563 1309 2609 sunt
1322 2554 1390 2609 dona
1410 2564 1433 2609 et
1454 2558 1551 2612 uacatio
1589 2555 1722 2627 sillium.
1743 2576 1788 2627 ιι,

1011 2620 1050 2690 9).
1066 2619 1129 2677 Post
1141 2632 1230 2705 autem
1243 2623 1266 2705 si
1281 2625 1466 2693 peccaverint,
1482 2642 1530 2695 per
1545 2628 1728 2697 peonitentiam
1742 2646 1789 2699 po-

993 2698 1083 2745 terunt
1095 2708 1192 2749 meren
1206 2708 1331 2761 ventum;
1346 2703 1375 2749 ut
1390 2696 1450 2765 qnia
1467 2706 1526 2767 post
1537 2705 1674 2767 acceptam
1684 2702 1788 2770 gratui-

993 2768 1047 2815 tam
1061 2762 1270 2819 misericordiam
1283 2776 1475 2834 peccauerunt,
1491 2783 1543 2823 nrm
1555 2767 1609 2838 jam
1643 2770 1722 2835 ratis„
1738 2771 1786 2828 sed

992 2831 1188 2890 interueniente
1198 2836 1299 2906 gemitu
1312 2842 1340 2891 et
1355 2834 1419 2891 fletu
1436 2837 1538 2906 possint
1550 2840 1584 2895 ad
1596 2784 1788 2910 insinuantium

994 2904 1142 2967 pervenire.
1155 2905 1320 2976 impossibile
1330 2916 1370 2963 est
1383 2908 1455 2963 onim
1473 2908 1610 2965 ltonriniut
1620 2924 1672 2967 non
1684 2922 1786 2981 peccet.

991 2970 1070 3028 Unde
1081 2974 1198 3031 loannes
1208 2978 1364 3045 apostolus,
1378 2976 1409 3033 Si
1423 2978 1579 3047 amenum,
1601 2981 1705 3051 inquit,
1720 2985 1789 3055 prtia

990 3048 1646 3186 tumultiimmutabilius
1661 3055 1788 3194 mut:

988 3185 1074 3257 justus
1085 3197 1137 3255 est,
1151 3198 1178 3242 ut
1199 3190 1309 3245 rantum
1322 3189 1392 3245 uobis
1408 3202 1526 3260 peccate,
1541 3202 1564 3249 et
1578 3164 1680 3250 mundet
1698 3212 1745 3251 stas
1756 3197 1788 3251 sb

992 3258 1061 3311 amtti
1074 3258 1201 3329 injustitia
1214 3259 1235 3329 (Ι
1245 3258 1325 3315 ioan.
1339 3276 1364 3329 ι,
1383 3260 1421 3335 8).
1437 3262 1513 3319 Siout
1533 3264 1616 3321 David
1627 3266 1725 3322 meruit
1738 3282 1786 3324 ve·

992 3327 1063 3383 niam
1078 3336 1107 3385 et
1127 3329 1361 3397 reformationem,
1376 3347 1436 3388 unm
1453 3330 1626 3391 obniteretur
1638 3345 1786 3405 peccatura.

991 3396 1072 3454 Certe
1104 3399 1262 3458 Clnistianis
1289 3403 1405 3471 lonrtitur
1428 3402 1545 3461 loannes
1568 3408 1715 3476 apostolus.
1742 3408 1789 3465 llis

991 3468 1064 3525 eninr
1079 3470 1105 3525 in
1120 3471 1267 3541 subjectis,
1285 3471 1372 3531 Filiali
1384 3475 1450 3539 mei,
1463 3475 1607 3531 turnum
1616 3477 1686 3535 saltis
1696 3488 1723 3533 ut
1735 3495 1787 3537 nott

992 3541 1098 3609 peccetis
1113 3556 1122 3595 :
1136 3551 1159 3595 et
1171 3544 1192 3596 si
1202 3544 1257 3611 puis
1268 3544 1417 3615 peccauerit,
1428 3546 1577 3601 moncatum
1589 3547 1708 3603 babemus
1717 3551 1788 3621 apud

992 3607 1117 3675 Patrem,
1138 3610 1226 3667 lesum
1236 3610 1364 3668 Christum
1379 3614 1434 3685 (Ιιι.
1450 3630 1486 3681 ιι,
1503 3618 1540 3683 ι).
1553 3617 1608 3671 lton
1626 3617 1708 3687 olcis,
1723 3627 1752 3675 ιιι
1764 3622 1788 3678 sl

993 3687 1054 3749 post
1068 3680 1233 3749 baptismum
1248 3684 1462 3753 peccaverimus,
1479 3687 1637 3743 advocatum
1652 3690 1787 3773 supplices

992 3750 1187 3820 deprecemur,
1202 3763 1232 3809 ut
1252 3763 1345 3810 exoret
1367 3756 1507 3825 pronubis
1528 3757 1644 3814 Patrem.
1664 3758 1694 3815 St
1713 3760 1785 3818 enlm

992 3822 1062 3891 apud
1082 3831 1189 3879 veteres
1203 3833 1309 3881 nostros
1324 3826 1480 3894 poenitentia
1496 3827 1589 3885 babuit
1602 3830 1688 3885 locutu
1698 3870 1707 3897 ,
1718 3846 1787 3901 quo-

993 3892 1073 3948 modo
1091 3892 1147 3949 fleri
1155 3901 1249 3977 potest
1262 3904 1291 3950 ut
1302 3895 1354 3951 hoo
1368 3904 1488 3966 tempore
1499 3899 1588 3954 locum
1603 3915 1654 3955 non
1670 3901 1783 3969 lrabeat,

991 3962 1098 4033 quando
1110 3980 1195 4035 major
1214 3966 1354 4022 clementia
1367 3968 1561 4037 predicationis
1573 3971 1626 4027 est'l
1638 3972 1721 4043 etqui
1734 3973 1785 4029 ini·

991 4034 1069 4089 micis
1089 4035 1398 4093 misertusestvocando
1411 4038 1471 4095 ilios
1484 4039 1517 4095 ad
1537 4041 1666 4109 gratiam,
1690 4044 1785 4101 amicis

992 4103 1069 4160 factis
1080 4120 1133 4161 non
1145 4106 1313 4163 miserebitur
1323 4124 1383 4164 cunt
1399 4110 1542 4165 mercede?
1554 4111 1702 4167 Tribulatio
1712 4115 1783 4171 enim

991 4176 1097 4241 cordis,
1110 4192 1212 4233 merces
1227 4188 1268 4234 cst
1283 4180 1445 4249 pmnitentis.
1461 4181 1573 4247 Quodsi
1589 4192 1660 4239 esset
1675 4200 1784 4255 uerum,

992 4246 1114 4303 dolerent
1128 4250 1136 4281 ¹
1151 4248 1273 4305 homines
1292 4265 1325 4305 ει
1340 4250 1454 4306 inimicis
1466 4250 1551 4307 iactos
1563 4267 1593 4309 se
1606 4255 1716 4311 amicos.
1732 4257 1786 4313 ιιι

990 4319 1077 4387 qualis
1086 4318 1258 4377 msdrtratrdus
1271 4329 1328 4377 erat
1342 4320 1406 4388 ille,
1422 4323 1444 4375 si
1460 4323 1574 4379 inimicis
1586 4339 1639 4379 non
1653 4326 1785 4396 preniten-

991 4389 1063 4445 tibus
1077 4390 1285 4446 misericordiam
1300 4392 1392 4459 daret,
1406 4394 1498 4449 amicis
1511 4409 1574 4450 vero
1587 4403 1614 4449 et
1633 4396 1786 4465 penitenti·

990 4458 1041 4515 bus
1056 4477 1107 4514 nttn
1127 4461 1204 4517 daret
1215 4460 1227 4514 ι
1240 4462 1373 4517 Prnterea
1384 4479 1444 4518 cunt
1458 4466 1525 4521 sciat
1543 4464 1671 4523 Dominus
1689 4466 1784 4523 diabo-

990 4528 1046 4584 lum
1063 4530 1193 4587 adversus
1204 4532 1305 4586 amicos
1323 4542 1350 4588 et
1363 4548 1455 4589 seruos
1477 4534 1523 4589 Dei
1538 4534 1597 4603 plus
1612 4550 1642 4590 se
1653 4537 1784 4595 extollere

990 4608 1018 4654 et
1028 4600 1124 4657 saevise
1137 4617 1144 4654 r
1158 4599 1229 4656 trude
1237 4600 1301 4657 dicit
1310 4602 1406 4662 Petrus
1417 4604 1570 4674 Apostolus,
1588 4604 1696 4677 Vipiiate
1707 4618 1782 4664 etso-

989 4668 1039 4723 irii
1047 4680 1134 4734 estote,
1145 4672 1204 4741 quin
1217 4671 1376 4729 adnmsarius
1390 4686 1469 4731 ueuer
1478 4674 1594 4730 diabolus
1602 4678 1712 4748 fremens
1728 4680 1780 4734 sis·

990 4750 1017 4795 ut
1039 4741 1077 4795 leo
1091 4743 1222 4810 circumit,
1240 4760 1355 4814 querens
1365 4761 1439 4818 quem
1454 4746 1553 4800 deuoret
1567 4744 1588 4819 (Ι
1602 4745 1673 4801 Petr-
1689 4764 1715 4815 v,
1730 4750 1758 4823 8)
1774 4768 1781 4805 s

990 4812 1115 4881 quoniam
1125 4828 1189 4885 ergo
1201 4814 1276 4869 novit
1290 4815 1415 4871 Dominus
1429 4816 1610 4871 adversarium
1621 4831 1670 4874 uos
1683 4818 1783 4879 babere

991 4880 1153 4940 horrendum
1166 4896 1192 4941 et
1210 4884 1325 4942 validum
1335 4884 1376 4953 ςἐι
1390 4885 1451 4943 victi
1462 4887 1497 4942 ab
1510 4902 1544 4943 eo
1557 4886 1703 4955 fuerimus,
1727 4892 1784 4949 vult

990 4968 1039 5009 nos
1056 4953 1090 5010 ad
1108 4956 1235 5012 auxilium
1246 4971 1324 5012 suurn
1339 4956 1497 5029 confugere,
1511 4956 1607 5016 dolens
1618 4960 1699 5017 elisos
1712 4978 1780 5033 nos,

990 5033 1019 5079 ut
1044 5025 1141 5083 uirtute
1161 5030 1219 5097 ejus
1240 5029 1355 5083 resanati
1376 5026 1480 5084 fortiter
1497 5044 1684 5101 repugnemus.
1705 5031 1781 5091 Sicut

990 5096 1063 5151 enirn
1075 5096 1126 5151 nisi
1141 5098 1254 5154 breviati
1275 5098 1360 5154 uerius
1369 5098 1426 5154 dies
1439 5099 1487 5168 illi,
1501 5115 1569 5171 qutts
1580 5102 1644 5157 dicit
1653 5101 1784 5161 Dominus

990 5164 1095 5236 (flattu.
1111 5184 1186 5234 ιιιι,
1197 5170 1256 5242 ιι),
1271 5168 1343 5225 nulla
1358 5168 1404 5225 liet
1413 5170 1484 5226 salvs
1497 5186 1570 5238 caro;
1583 5174 1618 5231 ita
1628 5180 1657 5229 et
1665 5180 1687 5231 sl
1698 5190 1781 5248 nege-

990 5247 1034 5293 tur
1044 5236 1195 5296 bomioibus
1210 5239 1380 5311 paenitentia,
1393 5256 1473 5297 nemo
1493 5245 1590 5312 poterit
1608 5244 1697 5301 salvus
1711 5246 1781 5305 lieri.

989 5309 1018 5365 Si
1032 5310 1103 5365 enim
1122 5328 1210 5379 nemo,
1228 5310 1331 5381 inquit,
1351 5310 1499 5382 pluvialiter
1512 5314 1633 5370 mundum
1652 5331 1680 5373 ss
1691 5318 1783 5375 tatas

989 5397 1033 5435 eor
1045 5378 1135 5453 (Pron.
1145 5398 1197 5449 ιι,
1211 5380 1250 5455 ιι);
1266 5382 1382 5448 esttibi,
1399 5382 1491 5451 Nesto,
1504 5384 1560 5449 ait,
1575 5386 1630 5441 st'tte
1639 5388 1723 5455 sorde,
1736 5405 1784 5447 ttss

988 5451 1076 5524 infans
1086 5456 1160 5508 utrius
1174 5452 1224 5508 diei
1237 5450 1297 5527 (Ιει
1322 5469 1387 5524 ιιι,
1401 5455 1431 5529 ι)
1445 5456 1523 5527 :quis
1535 5459 1633 5528 poterit
1646 5460 1780 5533 evadere,

1021 5609 1074 5683 ¹th
1085 5605 1240 5660 simulitum·
1257 5608 1611 5741 ltfflfflloelffls
1627 5626 1781 5689 limum·

987 5670 1130 5793 mmmm
1139 5670 1316 5800 ‘grumorum
1329 5682 1542 5803 animvm&
1548 5674 1783 5801 mvrena*

988 5793 1204 5863 summouisset,
1218 5800 1266 5850 stu
