4000 6359
261 284 330 343 tuso
381 253 386 264 “
734 278 767 333 m
785 274 922 334 ioannis
940 276 1172 343 sruucsuruu,
1192 274 1221 333 s.
1242 274 1424 333 aucusruu

260 393 402 459 intuendo,
418 392 475 449 sive
494 390 574 449 etiam
593 388 742 461 tangendo,
758 388 919 453 Quiuuidirti
933 404 988 454 ure,
1003 387 1046 442 in·
1099 388 1173 463 (Luc.
1198 406 1242 457 rr,
1269 390 1344 462 62ss
1368 389 1444 459 erod
1470 390 1493 445 si
1507 388 1633 445 fecissent
1653 389 1781 446 defuncto
1803 390 1885 460 lusu,

216 508 222 521 a
259 486 333 555 quit,
347 482 484 539 credidisti.
496 481 622 551 Quamuis
633 480 684 535 dici
699 477 782 549 possit
794 492 847 532 non
861 492 954 532 ausum
965 476 1048 533 fuisse
1100 481 1250 549 priusquam
1262 482 1447 536 resurrexisset
1462 496 1476 534 a
1488 483 1599 535 mortuis
1611 498 1618 534 z
1629 483 1699 552 quod
1711 482 1819 552 quidem
1833 498 1884 537 nou

259 572 417 643 discipulum
434 580 556 641 tangere,
571 583 631 625 cum
646 582 674 622 se
685 566 795 622 offerret
808 567 852 621 iiie
865 566 1046 635 tangendum:
1101 577 1238 638 poterant,
1254 570 1377 639 quoniam
1392 569 1450 624 dies
1465 586 1517 637 quo
1529 572 1671 626 crucifixus
1683 581 1738 639 est,
1753 583 1823 625 totos
1838 588 1884 627 eos

261 680 313 720 uon
328 664 399 721 enim
414 662 610 731 scriptumest,
625 659 657 713 Et
676 657 761 728 tetigit
782 657 909 712 Thomas.
923 656 974 712 Sed
990 656 1048 711 sire
1100 662 1206 715 teneiut
1218 668 1342 723 attentes,
1357 660 1484 728 usquead
1496 660 1737 730 epumpuituranr,
1752 678 1812 733 quse
1824 672 1886 719 aute

260 754 413 826 aspiciendo
437 760 553 816 undum,
569 750 626 803 sive
648 750 728 805 etiam
750 748 882 818 tangendo
908 748 1003 803 uiderit
1021 754 1049 801 et
1100 764 1237 819 uesperam
1253 751 1321 805 iacta
1334 760 1390 817 est;
1402 766 1516 821 sequeus
1526 760 1613 805 antem
1627 751 1684 807 dies
1699 762 1756 807 orat
1770 755 1884 819 sabbati,

260 844 419 911 crediderit,
434 841 496 897 iliud
506 840 575 910 quod
589 838 717 909 sequitur,
733 840 816 909 stragis
833 841 952 909 gentium
968 837 1049 893 iidem
1100 841 1205 910 quando
1218 841 1258 895 eis
1270 856 1372 896 morem
1384 842 1495 911 patrium
1510 844 1677 898 servantibus
1690 885 1696 908 ,
1710 846 1816 913 operari
1831 847 1883 899 uti·

262 936 388 1007 praedicat
400 943 479 1004 atquo
498 931 683 997 courmendat,
696 929 769 985 Beati
786 932 828 1000 qui
849 946 900 985 non
913 930 1047 994 uidenutt,
1100 946 1152 1003 qne
1164 948 1216 987 non
1230 932 1342 998 licebat;
1358 934 1436 987 tertio
1452 948 1516 987 sero
1528 934 1572 988 die
1585 934 1711 989 Dominus
1723 936 1885 999 resurrexit.

261 1036 285 1084 et
296 1026 464 1081 erediderunt.
475 1021 606 1077 Pnuteriti
615 1022 741 1091 temporis
754 1036 817 1076 usus
829 1028 870 1074 est
883 1020 980 1086 serbis,
990 1026 1050 1072 tan·
1100 1037 1200 1092 susque
1217 1025 1350 1079 resecarit
1369 1022 1402 1079 sd
1417 1038 1492 1092 spem
1504 1038 1582 1093 quam
1605 1024 1640 1079 de
1653 1024 1698 1078 iiio
1714 1038 1765 1079 non
1786 1024 1887 1081 babere

261 1132 339 1190 quam
353 1113 452 1184 idoqui
464 1112 602 1180 quoderat
617 1112 749 1179 futurum,
764 1111 789 1165 iu
804 1126 851 1165 sua
862 1118 972 1165 noverat
982 1126 1050 1179 prse-
1097 1112 1152 1182 jam
1174 1122 1311 1184 emperaut
1325 1130 1332 1167 :
1346 1124 1433 1168 tannen
1456 1114 1478 1167 si
1499 1125 1562 1168 tuuc
1580 1114 1721 1174 iecissent.
1735 1125 1887 1184 putaremus

262 1207 438 1263 destinatione
454 1205 510 1276 jum
525 1204 633 1260 iactum.
650 1204 702 1259 Sed
722 1203 776 1273 jam
792 1217 880 1258 sermo
894 1203 943 1257 istc
957 1217 971 1255 a
985 1217 1050 1273 pro·
1100 1218 1147 1259 eos
1160 1204 1204 1259 iiia
1215 1220 1274 1275 quse
1283 1206 1386 1259 animm
1395 1219 1486 1259 eornm
1498 1212 1688 1272 racerrpurerat,
1702 1204 1888 1275 desperatione

262 1296 363 1351 iixitate
382 1295 546 1352 cohibendus
565 1303 606 1350 est
618 1312 624 1349 :
636 1294 745 1349 donabit
766 1293 894 1349 Dominus
906 1294 941 1348 'ut
959 1293 994 1349 de
1008 1293 1050 1351 bis
1102 1293 1206 1349 iecisse.
1226 1292 1302 1349 Nunc
1315 1309 1379 1349 roro
1394 1303 1453 1362 pust
1466 1310 1526 1347 euru
1541 1294 1591 1347 sibi
1609 1294 1643 1348 de
1654 1294 1777 1363 septricro
1796 1294 1886 1351 reddi·

1819 276 1885 333 111111
1986 293 1987 300 ’

263 1401 321 1458 quse
333 1392 444 1455 restant
464 1386 530 1441 alias
544 1385 718 1456 disputemus.

492 1538 695 1595 tutaturus
714 1537 817 1593 cxxu.

263 1668 303 1723 De
316 1684 346 1724 eo
362 1668 429 1739 quod
446 1668 567 1736 sequitur,
582 1667 660 1721 bittita
673 1666 779 1736 quidem
792 1674 819 1721 et
832 1664 882 1720 ulia
901 1666 975 1737 sigua
989 1664 1050 1722 iecit

298 1757 374 1813 iesus
386 1774 393 1821 ;
405 1773 484 1829 usque
496 1757 530 1810 cd
551 1757 597 1820 id,
615 1756 648 1810 Et
665 1770 725 1811 cum
742 1755 806 1810 tanti
819 1763 927 1821 essent,
943 1770 996 1810 non
1009 1762 1051 1812 est

299 1846 411 1901 scissum
426 1856 492 1901 rete.
509 1844 573 1916 Gap.
590 1859 641 1912 xx,
667 1844 685 1915 p
702 1845 738 1916 p·
754 1843 805 1911 511,
818 1844 850 1901 di
863 1884 870 1911 ,
881 1853 903 1899 ct
915 1860 972 1916 cup.
987 1860 1049 1911 nr,

307 1934 345 2004 y.
359 1935 436 1990 1-11.

303 2065 330 2119 1.
350 2064 413 2119 Post
434 2064 612 2121 narrationem
634 2066 673 2121 rei
695 2074 794 2137 gestat,
808 2066 835 2121 in
856 2082 907 2137 qua
934 2066 1051 2123 Thomas

265 2140 515 2225 dissuetudinis
530 2156 579 2211 sur
596 2156 734 2228 erigendas
747 2156 773 2210 u
787 2156 886 2211 curun
900 2171 979 2211 carue
994 2158 1051 2211 vut-

265 2259 358 2301 nerum
373 2245 452 2309 locis,
468 2246 532 2301 uidit
553 2246 623 2316 quod
644 2246 753 2302 credere
765 2247 871 2303 nolebat
884 2247 1050 2313 ctcredidit;

265 2334 408 2406 interponit
420 2334 478 2389 huto
487 2336 647 2406 evangelista
660 2336 791 2403 ioarrues,
806 2344 832 2391 et
843 2335 927 2392 dicit:
945 2355 954 2389 ι
971 2338 1051 2393 iiuita

265 2426 371 2494 qnidam
383 2432 409 2480 et
420 2425 470 2479 aba
485 2426 558 2495 signa
574 2426 634 2481 iecit
645 2426 721 2480 iesus
734 2426 760 2480 iu
775 2437 918 2497 conspectu
934 2426 1051 2500 discipu-

265 2514 350 2569 lorum
372 2528 479 2569 suorum
491 2556 499 2580 ,
512 2531 570 2584 quse
593 2500 645 2570 ιιοιί
660 2526 721 2570 sunt
738 2517 836 2587 scripta
856 2518 881 2571 in
903 2518 971 2573 iibro
990 2520 1050 2575 itoc.

267 2604 331 2660 iisse
344 2612 431 2659 autem
453 2606 549 2676 scripta
571 2614 650 2674 suut,
667 2616 693 2661 ut
712 2608 827 2663 credatis
840 2610 900 2679 quia
920 2608 998 2665 iesus
1012 2620 1051 2666 est

248 2690 251 2697 ’
265 2694 387 2750 Christus
409 2692 489 2750 Filius
502 2694 565 2762 1)ε1;
577 2704 604 2751 et
618 2704 647 2751 ut
659 2695 813 2763 credentes,
830 2699 910 2753 sitam
931 2699 1050 2755 babeatis

265 2782 294 2840 iu
308 2792 414 2840 nuntius
424 2786 491 2855 ejus.
510 2804 520 2838 r
536 2784 592 2840 ttuc
603 2786 745 2855 capitulum
757 2788 891 2843 reiutiibri
901 2788 1052 2860 hujusindi-

265 2884 309 2931 cat
319 2876 399 2931 ssrrcm
414 2892 420 2928 :
435 2876 483 2931 sed
497 2885 619 2931 narratur
632 2876 675 2932 bic
684 2875 779 2933 deiude
791 2878 1011 2948 quemadmodum
1023 2894 1052 2935 se

160 2986 168 3001 ι
267 2966 475 3023 manifestaverit
500 2967 627 3023 bonduus
650 2968 684 3023 ad
707 2983 780 3023 mure
800 2968 1000 3033 Tiberiadis,et
1025 2970 1052 3025 in

267 3066 377 3127 captura
391 3058 501 3128 piscium
516 3058 740 3113 continendarerit
761 3058 886 3113 Ecclesia·
900 3074 1052 3115 sacramen-

268 3155 322 3203 tum
334 3187 341 3215 ,
355 3149 441 3220 quatis
454 3148 540 3205 iutura
560 3160 601 3207 est
623 3150 712 3204 ultima
727 3153 923 3207 resurreetione
936 3162 1053 3208 mortuo-

266 3260 326 3299 rum
336 3244 356 3297 ¹.
372 3244 411 3298 Ad
433 3243 484 3298 boc
508 3245 595 3315 itaque
613 3244 850 3299 commendandum
875 3246 964 3302 vaierc
981 3248 1053 3302 arbi·

268 3342 334 3401 tror,
348 3334 417 3404 quud
432 3340 556 3404 tartquaur
577 3338 637 3390 iinis
651 3336 821 3407 interpositus
834 3347 875 3392 est
894 3338 966 3403 iibri,
981 3338 1052 3409 quod

267 3437 337 3483 esset
350 3426 429 3481 etiam
449 3436 579 3483 secuturas
600 3428 757 3483 narrationis
780 3430 854 3499 quasi
876 3430 1051 3499 prooemium,

267 3518 338 3590 quod
353 3518 377 3574 ei
392 3519 587 3589 quodammodo
608 3520 706 3575 iaceret
730 3520 930 3576 eminentiorem
944 3520 1051 3590 locum,

266 3626 326 3681 qum
347 3612 465 3667 narratio
490 3612 582 3683 incipit
607 3612 640 3667 ita
654 3628 686 3664 :r
711 3612 804 3667 Postea
826 3612 1003 3668 rtrarriiesttrit
1023 3628 1054 3671 se

267 3703 362 3757 iterum
376 3702 497 3757 iesussd
511 3718 585 3759 mare
598 3702 762 3769 Tiberiadis;
778 3704 1052 3759 manifestavitautern

266 3794 306 3850 sic
331 3792 413 3848 Erant
424 3793 502 3847 simui
516 3792 606 3849 Simon
621 3794 716 3849 Petrus
730 3804 757 3849 et
769 3794 884 3850 Thomas
899 3794 943 3865 qui
958 3796 1054 3851 dicitur

266 3882 412 3955 Didymus,
428 3893 455 3937 et
470 3882 616 3939 Nathanael
634 3884 750 3953 quierat
766 3900 781 3939 a
794 3883 865 3941 Cana
880 3885 1013 3954 Galilaeae,
1027 3894 1054 3941 et

265 3974 311 4029 iilii
324 3972 461 4039 Zebedaei,
474 3981 501 4029 et
520 3976 564 4029 aiii
577 3992 609 4029 ex
624 3970 760 4046 discipulis
780 3976 837 4047 ejus
850 3977 913 4032 duo.
935 3978 1001 4031 bicit
1014 3978 1054 4033 eis

265 4064 357 4120 Simon
376 4064 488 4119 Petrus:
502 4064 576 4121 Vada
591 4066 697 4135 piscari.
719 4067 814 4121 bisunt
827 4068 850 4122 ei
866 4084 872 4121 :
888 4066 1014 4124 Venimus
1026 4078 1054 4126 ct

265 4168 314 4209 nos
326 4163 421 4210 ucurn.
441 4174 450 4209 ι

301 4244 437 4312 detineri
459 4246 526 4301 solet
550 4246 584 4303 de
608 4249 658 4303 ime
681 4248 826 4317 piscatione
846 4246 1051 4321 dicipulorum,

265 4350 314 4391 cur
327 4334 455 4389 redierint
467 4335 560 4392 Petrus
574 4346 600 4392 ut
620 4337 666 4391 dlii
686 4336 807 4392 Zebedaei
819 4338 852 4393 ad
866 4338 891 4393 id
904 4338 974 4409 quod
995 4339 1053 4398 iue-

265 4436 328 4482 ruut
346 4426 500 4498 priusquam
522 4444 536 4481 a
558 4428 672 4485 bomine
695 4439 959 4490 rocareuturzcmut
980 4436 1052 4491 enim

265 4518 410 4589 piscatores
422 4518 527 4589 quaudo
540 4520 577 4575 eis
590 4519 673 4589 dixit,
690 4520 777 4576 Vertite
786 4532 841 4593 post
856 4540 894 4577 rue
904 4566 911 4593 ,
922 4536 945 4580 et
959 4528 1051 4597 [acient

264 4625 306 4663 ros
331 4608 468 4677 piscatores
491 4608 620 4663 iroruinutn
638 4610 743 4682 (riicttit.
758 4627 796 4679 tv,
822 4613 876 4686 19).
898 4612 972 4672 Tunc
990 4632 1051 4672 enm

263 4698 361 4769 quiippe
369 4698 406 4752 ilii
418 4698 501 4754 secuti
509 4709 580 4767 sum,
588 4709 616 4755 ut
627 4702 842 4774 irrupistcrioejus
856 4706 954 4763 relictis
966 4708 1051 4763 omui·

265 4786 315 4843 bus
336 4788 502 4845 adbarercnt
523 4807 530 4845 ι
545 4791 571 4844 in
586 4799 685 4846 tarnum
711 4803 739 4848 ut
751 4808 811 4849 curra
822 4794 861 4850 ab
872 4812 905 4851 eo
918 4796 992 4853 dirce
1006 4798 1052 4856 ilie

263 4879 347 4933 tristis
361 4878 532 4947 abscederet,
544 4883 587 4937 cui
602 4882 720 4951 dixerat,
739 4882 825 4951 Vade,
841 4887 920 4943 cende
935 4905 992 4960 que
1005 4890 1051 4944 ir·

263 4972 318 5035 bes,
335 4981 358 5025 et
378 4972 411 5025 du
423 4974 576 5045 pauperibus
588 5016 594 5040 ,
606 4984 629 5028 et
651 4974 750 5029 iubebis
763 4976 907 5034 thesaurum
925 4982 951 5034 irr
967 4980 1051 5049 σιώ,-

242 5062 245 5067 ’
263 5071 285 5116 et
298 5062 366 5127 uerri,
380 5080 544 5135 sequererne,
559 5062 661 5120 diceret
674 5067 698 5119 ei
713 5066 826 5131 Petrus,
839 5066 961 5124 Ecceuos
976 5071 1051 5125 dimi·

262 5154 339 5207 durrus
351 5154 445 5221 curnis,
461 5164 482 5208 et
492 5157 572 5209 secuti
585 5155 772 5226 surrrcste(1d.
789 5173 849 5224 xta,
865 5158 916 5223 21,
934 5160 978 5226 22,
990 5161 1048 5235 27).

263 5246 330 5316 Quid
341 5254 381 5303 cst
392 5262 455 5317 ergo
464 5248 534 5317 quod
546 5264 616 5303 stunc
627 5250 701 5318 quasi
712 5252 867 5319 apostolatu
881 5253 973 5308 relicto
983 5252 1050 5309 flunt

263 5336 332 5406 quod
347 5335 462 5404 inerunt,
478 5350 504 5393 ct
518 5338 588 5409 quod
601 5337 757 5396 dimiserant
771 5350 911 5411 repetunt,
924 5350 1049 5415 tanquam

262 5428 337 5483 obiiti
359 5430 428 5500 quod
450 5429 605 5498 audierant,
629 5430 711 5486 Neutro
737 5448 832 5503 ponens
851 5451 953 5489 uranum
974 5451 1051 5508 super

262 5522 391 5581 aratrum,
404 5525 428 5570 et
441 5517 576 5589 respicient
595 5526 678 5586 retro,
690 5530 766 5589 uptus
778 5528 814 5573 cst
834 5535 910 5591 reque
930 5522 1049 5575 emiorum

294 5673 302 5706 ¹
316 5676 351 5720 Er.
365 5669 437 5734 bugd.
449 5676 474 5722 ot
485 5678 556 5733 ven,
567 5670 712 5725 resurrectio
721 5677 876 5723 mortuorum.
904 5680 931 5721 ιι.

1101 1391 1156 1439 tttm
1168 1382 1272 1450 uirum,
1284 1394 1345 1453 post
1353 1382 1467 1439 oblatam
1478 1384 1532 1440 suis
1544 1383 1630 1437 «eutis
1642 1391 1670 1438 et
1682 1384 1820 1446 manibus.
1834 1400 1886 1439 nou

1101 1474 1187 1529 solum
1202 1473 1355 1540 ridendam,
1370 1473 1553 1529 verumetiam
1566 1472 1723 1543 tangendam
1737 1484 1817 1543 atque
1831 1476 1887 1544 pai·

1100 1564 1215 1635 pandam
1236 1566 1360 1621 redivivat
1379 1554 1711 1623 curnis‘ertdeuttssinnn
1730 1566 1886 1629 ueritatem:

1101 1667 1162 1729 post
1188 1660 1305 1729 inspecta
1333 1658 1472 1712 uuinerum
1497 1657 1571 1722 ioca,
1597 1670 1681 1727 usque
1706 1656 1740 1711 ad
1772 1658 1887 1725 apostoli

1102 1747 1212 1803 ibonis
1230 1746 1441 1815 comessionem,
1454 1747 1500 1817 qui
1519 1761 1549 1802 se
1569 1746 1647 1801 aliter
1658 1747 1820 1802 crediturum
1835 1763 1889 1801 uos

1101 1852 1161 1893 csse
1186 1837 1363 1907 praedixeram
1386 1846 1445 1908 post
1467 1844 1605 1907 accepturu
1625 1836 1684 1906 ejus
1711 1834 1890 1892 insufflatione

1102 1930 1230 2001 Spiritum
1243 1940 1377 1995 sarnetum,
1391 1937 1454 2000 post
1466 1930 1545 1985 rerba
1559 1929 1585 1983 iu
1602 1942 1664 1983 suas
1679 1943 1757 1983 aures
1768 1928 1828 1997 eius
1840 1942 1889 1983 ure

1102 2022 1220 2091 pruiata,
1235 2020 1307 2077 Sicut
1319 2019 1387 2075 misit
1405 2035 1444 2074 ure
1455 2018 1544 2083 Peter.
1565 2028 1589 2073 et
1602 2034 1648 2089 epu
1660 2018 1732 2073 mitto
1744 2033 1788 2073 ros
1800 2034 1810 2073 .·
1823 2034 1888 2088 quo·

1101 2130 1159 2169 rsru
1179 2113 1322 2169 renriserr'tis
1346 2120 1464 2183 metatu,
1485 2110 1646 2167 reruitturtttrr
1669 2110 1720 2173 eit,
1733 2118 1760 2163 et
1782 2125 1888 2180 quorun

1102 2203 1263 2267 retinueritis,
1273 2212 1370 2257 retente
1380 2211 1438 2257 surrt
1446 2200 1535 2270 (doun.
1548 2216 1596 2266 aa,
1604 2197 1701 2271 di-Qb)
1709 2199 1812 2255 :subito
1822 2198 1889 2253 burn

1103 2297 1171 2350 sieut
1182 2295 1301 2360 inerant,
1314 2308 1368 2348 non
1379 2293 1531 2357 bominum,
1544 2292 1592 2347 sed
1606 2292 1719 2361 piscium
1730 2290 1889 2360 piscatores.

1138 2388 1165 2442 5.
1187 2385 1233 2441 iiis
1249 2400 1312 2455 erpo
1331 2400 1399 2455 quos
1417 2384 1468 2438 boe
1485 2392 1575 2439 interret
1594 2381 1809 2452 respondendum
1829 2390 1888 2447 cst,

1103 2492 1157 2532 non
1168 2492 1215 2533 eos
1229 2474 1309 2531 tuisse
1323 2474 1471 2546 prohibitos
1488 2484 1547 2529 arte
1566 2488 1629 2536 stra,
1643 2473 1713 2527 iicita
1732 2470 1834 2527 scilieet
1847 2480 1890 2527 at·

1103 2582 1156 2639 que
1179 2580 1321 2632 correessa,
1348 2566 1444 2621 rictum
1472 2564 1652 2619 necessarium
1678 2577 1819 2633 quarere,
1849 2562 1890 2617 sui

1103 2659 1273 2730 aposicrarus
1283 2657 1433 2727 integrimtc
1443 2663 1565 2719 serrata,
1577 2654 1601 2709 si
1614 2653 1720 2724 quando
1732 2654 1805 2707 unde
1816 2653 1892 2708 rire·

1104 2759 1164 2805 rent
1176 2748 1247 2805 aliud
1270 2764 1322 2803 non
1333 2748 1469 2802 baberent.
1491 2745 1547 2803 Nisi
1568 2743 1638 2801 iorte
1651 2744 1781 2815 quispiam
1796 2754 1892 2812 potare

1103 2840 1212 2897 audebit
1222 2848 1268 2895 atrt
1276 2840 1375 2903 dicere,
1389 2837 1536 2907 apostolum
1547 2835 1657 2890 Patrium
1668 2850 1720 2889 uon
1731 2834 1892 2903 pertinuisse

1104 2932 1137 2986 ad
1151 2944 1244 2987 eorum
1258 2929 1447 3000 perfectionem
1457 2928 1502 2997 qui
1512 2927 1609 2981 relictis
1619 2924 1890 2981 ominibuscbrtstun

1103 3024 1187 3080 secuti
1198 3032 1272 3086 mint,
1285 3022 1409 3094 qrumiam
1430 3036 1464 3075 ne
1484 3034 1643 3090 quemquam
1655 3033 1748 3073 eorum
1766 3029 1891 3088 gravaret

1103 3115 1199 3185 quibus
1217 3113 1388 3183 Eranpeiium
1410 3111 1587 3181 praedicabat,
1609 3125 1686 3164 suum
1710 3110 1808 3163 rictum
1833 3110 1892 3164 suis

1104 3204 1227 3260 ruanibut
1238 3202 1399 3272 transigebat
1410 3200 1443 3274 (ii
1455 3199 1545 3254 Tiress.
1559 3215 1587 3255 ιιι
1597 3242 1605 3265 ,
1616 3198 1644 3272 8)
1657 3215 1665 3253 ι
1679 3198 1724 3253 ubi
1739 3199 1822 3268 magis
1839 3199 1892 3253 im·

1104 3296 1203 3365 pictum
1221 3302 1263 3349 est
1282 3292 1354 3363 quod
1374 3292 1427 3359 ait,
1445 3290 1508 3345 rtur
1521 3290 1636 3345 ontniius
1657 3290 1709 3343 iiiia
1721 3288 1834 3343 iaboruui
1843 3306 1854 3354 ,·
1866 3296 1893 3342 et

1103 3384 1240 3454 adjunxit,
1257 3382 1318 3437 Non
1338 3392 1422 3437 uatem
1433 3397 1498 3452 epo,
1514 3379 1559 3435 red
1576 3380 1660 3450 prode
1678 3377 1726 3431 Dei
1745 3377 1870 3449 numus(
1884 3377 1894 3431 1

1104 3475 1163 3531 Cor.
1179 3492 1223 3543 ar,
1239 3472 1284 3549 10)
1296 3495 1303 3531 :
1317 3484 1347 3530 ut
1361 3475 1411 3531 boc
1424 3488 1530 3544 quoque
1540 3480 1667 3544 appareat
1681 3470 1728 3524 bet
1739 3469 1835 3539 gratiae
1848 3469 1895 3523 dc·

1104 3569 1264 3640 putandum,
1278 3566 1350 3638 quod
1368 3576 1397 3623 et
1414 3566 1503 3619 animo
1515 3574 1544 3621 et
1561 3578 1674 3633 corpore
1688 3572 1792 3633 poterat
1806 3576 1894 3632 usqne

1103 3660 1172 3717 adeo
1187 3660 1245 3731 pius
1264 3660 1317 3715 iiiis
1328 3658 1451 3715 omuibus
1468 3658 1606 3720 laborare.
1622 3667 1652 3711 ut
1669 3671 1755 3726 nuque
1772 3662 1894 3711 cessaret

1103 3755 1138 3810 ab
1151 3753 1295 3823 Eraupelio
1314 3748 1498 3822 praedicando,
1513 3762 1599 3818 neque
1611 3757 1699 3803 tamen
1719 3760 1753 3802 es
1771 3745 1896 3817 Erarrqc-

1104 3844 1159 3910 lio,
1174 3844 1244 3899 sieut
1255 3843 1310 3908 iiii,
1323 3847 1484 3896 sustentaret
1495 3837 1564 3893 banc
1574 3838 1669 3901 ritam;
1682 3850 1745 3893 curu
1758 3836 1784 3891 id
1796 3852 1847 3906 pcr
1857 3845 1897 3891 tot

1104 3943 1198 4007 genms
1210 3934 1237 3987 in
1249 3932 1346 4003 quibus
1359 3929 1457 3985 Christi
1471 3944 1569 3985 nomen
1583 3942 1637 3983 non
1649 3926 1736 3983 irremt
1747 3926 1896 3996 propbeta·

1105 4036 1161 4079 tum
1177 4025 1197 4089 ¹,
1211 4022 1295 4076 murtro
1319 4021 1399 4076 tatius
1420 4028 1501 4090 atque
1524 4018 1637 4075 iertiiius
1656 4018 1813 4073 seminaret.
1846 4016 1895 4072 [ibi

1104 4113 1222 4168 ostendit
1234 4127 1267 4167 es
1291 4110 1435 4180 Evangelio
1448 4109 1569 4175 uiuendi,
1592 4110 1643 4163 iruc
1664 4116 1707 4164 est
1728 4107 1895 4173 victumne-

1104 4202 1264 4269 bcndi,uon
1292 4202 1478 4257 necessitatem
1502 4198 1637 4269 Apostoiis
1661 4196 1834 4268 impositam,
1849 4195 1898 4253 sed

1104 4302 1263 4365 potestatem
1285 4293 1386 4349 datum.
1407 4291 1492 4361 Quum
1516 4298 1673 4361 potestatem
1699 4299 1899 4345 commemorat

1104 4386 1174 4441 idem
1187 4387 1324 4456 apostolus
1336 4384 1428 4439 dicens
1444 4400 1451 4437 ι
1469 4401 1478 4434 ι
1495 4382 1523 4439 Si
1538 4396 1586 4439 tros
1596 4382 1672 4439 robis
1685 4382 1836 4452 spiritualia
1851 4398 1898 4437 sc·

1104 4476 1280 4543 miravimus,
1291 4490 1415 4547 magnum
1426 4485 1469 4531 ost
1480 4476 1601 4531 sinestra
1612 4473 1729 4529 earnalia
1741 4474 1899 4529 metamus?

1103 4570 1133 4626 st
1146 4571 1191 4625 aiii
1210 4571 1349 4642 potestatis
1361 4578 1456 4627 restra
1469 4570 1644 4639 participant,
1661 4583 1713 4625 uon
1727 4569 1815 4640 tnagis
1829 4568 1900 4623 nost

1102 4662 1157 4719 Sed
1174 4677 1228 4717 riou
1243 4676 1351 4728 sumus,
1368 4680 1379 4713 r
1396 4660 1497 4732 inquit,
1514 4677 1524 4712 r
1539 4660 1580 4716 usi
1601 4660 1652 4715 bac
1673 4667 1819 4729 potestate.
1838 4678 1851 4711 a
1867 4658 1902 4713 Et

1103 4755 1182 4825 paulo
1194 4763 1268 4821 prist:
1278 4772 1288 4805 ι
1297 4753 1347 4820 Qui
1356 4752 1569 4816 aitariserriunt,
1579 4768 1591 4803 t
1602 4750 1696 4820 inquit,
1708 4768 1718 4801 r
1728 4749 1809 4805 altari
1820 4764 1902 4805 costr·

1104 4846 1268 4916 partiuntur3
1277 4846 1317 4900 sic
1331 4854 1358 4899 et
1370 4844 1499 4899 Dentinus
1513 4841 1646 4897 ordinarit
1658 4841 1699 4897 bis
1711 4839 1756 4911 qui
1772 4840 1901 4910 Eranpe·

1102 4938 1167 4992 iium
1174 4939 1341 5001 annuntiant,
1349 4937 1382 4990 dc
1390 4934 1534 5005 Euarqutto
1544 4934 1708 5004 virerezepo
1716 4941 1811 4989 autem
1821 4934 1902 4989 nuiio

1104 5029 1198 5083 bonnm
1212 5043 1276 5083 usus
1287 5042 1355 5082 sum.
1369 5044 1377 5078 r
1395 5027 1465 5083 Satis
1477 5027 1554 5097 igitur
1567 5034 1688 5094 apertum
1704 5034 1756 5091 est,
1769 5040 1831 5082 non
1847 5026 1904 5081 iut-

1102 5126 1234 5187 peratum,
1241 5117 1287 5173 sed
1296 5117 1321 5170 iu
1331 5123 1461 5187 potestate
1468 5115 1602 5185 Apostubs
1613 5115 1738 5184 positum,
1749 5122 1777 5168 ut
1784 5114 1904 5169 aiiunde

1104 5204 1906 5276 rtuurirereutnisiesEraugeiio,etabcisquiintsblvange·

1104 5298 1166 5353 iium
1174 5296 1343 5367 praedieaudo
1349 5297 1494 5365 spiritualia
1501 5293 1677 5361 seminabant,
1684 5292 1805 5349 earnalia
1818 5306 1906 5349 rurete-

1103 5404 1177 5456 rent;
1188 5390 1295 5454 horest,
1303 5388 1390 5444 eands
1401 5387 1691 5457 bujussustentacuium
1705 5394 1863 5451 surrrereut,
1872 5393 1903 5442 et

1104 5476 1904 5553 tanquammiiitcsCirrististipendiurndebitumaceipereut‚

1102 5613 1143 5725 mr
1153 5618 1229 5724 xre„
1250 5614 1416 5676 propcpnturu.
1435 5609 1481 5661 sed
1503 5616 1552 5658 tm.
1577 5608 1630 5658 uad.
1651 5618 1677 5661 et
1698 5616 1767 5670 ttss,
1790 5613 1908 5665 oreose-

1140 5688 1153 5723 i.'
1180 5709 1187 5722 .
