4000 6359
236 328 307 391 ein
591 306 1009 383 namninntubssiuna:
1025 304 1289 389 submonens.
1309 320 1495 383 iucosmtt
1803 312 1870 384 citt

241 450 346 515 Domini
358 445 556 521 dispensatione
569 442 704 501 evaderet.
716 436 769 496 Sed
780 438 896 511 qualiter
905 434 956 491 boe
966 450 1029 493 sen-
1080 444 1218 507 peecatum
1230 436 1258 492 iii
1272 434 1326 493 Qza
1339 453 1386 509 per
1401 436 1470 497 lianc
1483 438 1605 511 punitum
1617 438 1726 511 culpata
1739 454 1803 498 osae
1814 441 1869 496 eit·

240 524 284 582 tiri
308 528 414 596 potest,
442 516 505 574 dum
521 514 715 573 inscribitur:
731 505 764 565 lit
791 512 872 581 [octus
896 518 931 563 eat
953 524 1029 591 aupes
1081 508 1191 562 stimant
1208 511 1351 593 :quoniam
1375 526 1445 580 saepe
1471 512 1573 579 evenit,
1595 522 1625 567 ut
1646 514 1767 569 minores
1788 510 1870 585 eulpa

237 612 296 651 ειιιιι
307 592 412 667 spiritua
430 588 554 655 Dooiini,
568 594 591 641 et
610 584 744 639 ouihuiuns
768 578 953 651 prophetabat?
976 592 1028 635 nist
1081 578 1290 650 praecedentium
1301 588 1470 649 peecatorum
1484 580 1783 639 vindictamincuiiani,

238 662 308 723 iortc
321 662 360 719 sic
372 662 399 719 in
410 660 463 717 lioc
476 656 534 713 loco
548 656 692 737 accipiatur
702 650 812 723 spiritus
825 648 941 715 Domini,
957 664 1027 718 quo·
1128 649 1241 707 caetis
1254 650 1324 705 xlll.
1336 680 1373 691 -
1385 650 1424 706 De
1436 652 1520 706 David
1532 662 1680 710 nomenata
1693 654 1828 725 poputum.

239 734 320 793 inodo
334 743 361 789 et
375 732 402 788 iii
412 730 466 786 alio
480 730 538 784 loco
549 726 656 795 spiritus
668 722 773 779 Domini
788 721 874 777 maluo
887 718 949 776 siut
964 718 1029 775 arri·
1116 716 1344 789 Quemadmodum
1354 736 1413 777 cum
1424 722 1537 792 populus
1546 720 1629 779 lsrael
1640 731 1788 793 peccasset,
1799 736 1869 780 enm-

239 806 330 877 picbat
343 802 365 877 (Ι
377 802 439 873 lien„
456 815 510 865 aii,
524 796 581 921 iifl.
597 794 785 852 Verumtamen
797 792 954 861 ubicumque
969 791 1028 847 sine
1081 792 1167 849 movit
1183 792 1309 849 Dominus
1332 801 1361 846 at
1382 792 1464 847 llavid
1486 802 1638 849 numeraret
1659 795 1802 865 populum,
1826 810 1870 865 per

238 870 533 941 additamentoipi'ritua
572 867 604 936 ei,
619 860 1027 935 uelapirituallomiai,velapi-
1081 862 1150 933 quod
1164 863 1274 927 accidit,
1291 872 1320 919 ut
1329 860 1409 947 plebs
1447 878 1533 919 ecana
1549 876 1717 935 perparvam
1729 866 1870 936 regiscul·

237 950 302 1003 ιιιιιι
316 942 420 1010 (linai,
436 940 478 997 vcl
492 940 595 1011 spiritua
614 936 693 1001 iesu,
717 936 743 989 in
763 932 907 1003 Scripturis
929 935 1028 987 sanctis
1080 944 1141 1005 pam
1153 949 1259 1004 pinnam
1271 942 1413 990 sustineret
1440 934 1807 991 recedentiumdelictorum.
1818 936 1867 991 ila.

239 1016 388 1081 invenitur,
407 1012 427 1069 S
446 1010 522 1066 iritus
535 1015 640 1065 sanctus
664 1020 724 1061 csse
746 1020 760 1059 a
782 1004 855 1060 nullo
869 1016 934 1057 sano
946 1016 1027 1059 sensu
1099 1000 1235 1060 elusenim
1245 1004 1652 1075 Dominiseptuagintarirorum
1662 1004 1869 1061 milliacxomul

239 1088 384 1171 dubitatur.
400 1028 564 1165 Uficumoue
582 1093 647 1134 vero
660 1070 1029 1201 ⁰·”⁰¹1·1}¹dd³s²{m⁰⁰}9.d:¹⁰i¹¹{¹
1094 1075 1161 1198 silaei
1173 1090 1256 1145 usque
1271 1074 1401 1159 Bersabee
1412 1073 1519 1141 oceidit,
1533 1085 1560 1131 et
1571 1071 1765 1148 ierosolymam
1778 1078 1869 1135 urbem

237 1151 1025 1299 ttulilthlttettalihlht.l⁰....l.lttallh
1079 1137 1870 1287 llllththhthllllllhtahllislhhlhh

238 1296 322 1353 tinini
333 1304 442 1367 propter
457 1293 550 1348 vitium
570 1288 657 1345 dietus
680 1286 795 1341 videtur.
823 1285 900 1354 Saepe
920 1298 1026 1355 quoque
1080 1285 1126 1340 sed
1138 1294 1165 1339 ut
1177 1296 1300 1342 ostensus
1312 1287 1339 1342 in
1352 1285 1752 1359 procinctuviiidietaeangelus,
1763 1285 1868 1357 dignam

238 1384 299 1425 cuni
312 1365 480 1437 singulariter
493 1362 597 1433 spiritui
611 1368 727 1421 tantum,
742 1364 768 1411 et
784 1370 837 1411 non
851 1354 952 1421 addito,
966 1370 1028 1409 sou·
1079 1355 1179 1410 videnti
1189 1357 1244 1428 regi
1255 1357 1438 1427 paenitentiam
1449 1356 1589 1412 incuteret.
1601 1356 1641 1412 Ea
1653 1372 1705 1429 quo
1716 1357 1869 1430 intelligitur

237 1449 302 1507 etna,
316 1448 361 1493 aut
376 1435 439 1501 Dei,
455 1444 499 1489 aut
511 1431 582 1487 aliud
595 1428 780 1501 quodcumque
794 1442 825 1482 cr
840 1426 897 1493 liis,
918 1440 978 1495 quae
992 1421 1027 1479 ad
1079 1424 1163 1481 llaiid
1175 1426 1304 1483 minorem
1315 1427 1420 1499 culpam
1433 1428 1686 1509 comniisissequam
1697 1426 1814 1497 plebem,
1826 1430 1868 1501 qni

238 1506 398 1582 signandum
421 1513 467 1559 aut
487 1496 721 1559 demonstrandum
745 1497 873 1579 Spiritum
906 1504 1027 1577 sanetum
1079 1506 1218 1566 peecatum
1233 1514 1309 1552 suurn
1325 1496 1470 1567 persolam
1486 1498 1801 1566 paulinianistae:
1820 1514 1866 1573 po-

236 1580 386 1651 portinent,
399 1572 626 1647 depreheiiditur;
642 1578 791 1625 contrarius
804 1568 914 1639 spiritus
926 1581 973 1635 oui
985 1573 1028 1621 cst
1078 1566 1134 1639 puli
1147 1583 1210 1623 vcro
1221 1568 1345 1624 delictum
1358 1568 1387 1625 iii
1398 1569 1551 1625 auctoribus
1562 1568 1618 1625 suis
1632 1570 1727 1627 mortis
1741 1574 1855 1627 serenta

236 1650 374 1715 diabolus,
399 1654 445 1701 aut
463 1644 597 1714 subjectus
611 1640 723 1713 quisque
735 1639 785 1695 sibi
797 1652 830 1695 ea
853 1636 895 1693 his
907 1637 953 1708 qui
974 1635 1026 1692 mi·
1081 1646 1133 1707 tem
1148 1641 1304 1707 promeruit.

238 1722 353 1779 nistraat
366 1714 546 1782 damombus,
560 1710 732 1783 dignoscitur.
1080 1706 1192 1764 CAPUT
1210 1708 1279 1765 lllll.
1290 1740 1324 1750 -
1335 1708 1374 1765 be
1387 1709 1486 1765 diolci
1497 1708 1663 1784 tigabitano
1674 1709 1756 1764 attare
1769 1706 1867 1765 hahet.

272 1786 385 1847 eleut
403 1782 545 1845 ΙΙΙ-Ιιι
556 1782 675 1839 Samuele
692 1780 842 1835 suscitator
861 1776 885 1831 P
903 1776 988 1832 thone.
1116 1778 1150 1834 Et
1170 1778 1266 1835 deinde
1283 1796 1344 1837 eum
1364 1796 1412 1852 per
1431 1790 1568 1851 peccatum
1587 1780 1755 1847 Salomonis,
1779 1780 1868 1850 populi

273 1860 338 1917 Post
350 1858 431 1915 etiam
453 1856 479 1911 iii
495 1854 615 1925 angustia
629 1850 803 1917 constitutus,
819 1794 908 1904 basilii
920 1862 949 1903 se
964 1862 1027 1917 pre·
1075 1846 1162 1905 lsrael
1178 1866 1288 1920 regnum
1308 1867 1389 1907 unum
1410 1852 1438 1907 iii
1456 1848 1509 1907 duo
1527 1849 1618 1907 divisit
1638 1849 1780 1907 lerolioatu
1801 1850 1871 1904 iilius

236 1941 329 1989 mente
341 1931 456 2001 impetu,
470 1942 530 1982 eum
546 1940 632 1994 neque
645 1939 691 2004 per
705 1920 855 2003 prophetas
877 1932 973 2003 uenae·
980 1932 1027 1989 per
1079 1918 1183 1975 llabath
1199 1936 1248 1977 rex
1264 1920 1356 1979 decem
1376 1921 1491 1977 tribuum
1512 1922 1539 1977 in
1554 1930 1630 1993 parte
1648 1920 1797 1992 aquilonis,
1812 1936 1870 1977 me-

235 2000 405 2065 saeerdotos,
427 2011 575 2123 nequeser
587 2008 704 2059 somnia,
721 1992 821 2063 petenti
835 1961 885 2045 sibi
897 1989 1027 2071 boiniiius
1081 1996 1157 2045 tuens
1176 2005 1211 2047 ne
1231 1992 1339 2061 templi,
1358 1990 1428 2063 quod
1448 2000 1507 2049 erat
1524 1992 1552 2047 in
1569 1990 1734 2058 ierusalem,
1754 1990 1871 2047 visitatio

238 2074 321 2129 ullum
335 2082 494 2141 responsum
537 2063 689 2129 arct,Saiil
703 2078 748 2118 rei
764 2060 846 2117 lsrael
860 2056 894 2115 ad
909 2068 1025 2131 pytonis·
1080 2074 1185 2117 aarum
1205 2063 1332 2132 populum
1354 2062 1473 2118 lioboam
1496 2058 1550 2117 ulto
1566 2060 1717 2119 Salomonis
1727 2063 1869 2133 jungeret,

237 2159 295 2201 saiii
309 2140 443 2214 perrexit,
454 2146 484 2195 ut
495 2154 528 2195 ex
542 2135 654 2193 mortuis
664 2133 779 2203 aliquem
792 2131 842 2186 sibi
856 2144 903 2201 per
914 2146 968 2184 suar
981 2144 1026 2183 ar·
1078 2129 1151 2186 idola
1161 2140 1187 2187 et
1197 2132 1290 2187 altaria
1301 2134 1327 2188 in
1337 2133 1395 2187 llari
1404 2134 1468 2188 etin
1478 2131 1565 2188 hetlie.
1580 2130 1670 2215 posuit
1679 2130 1725 2201 (ΙΙΙ
1736 2130 1801 2203 lieo.
1811 2131 1869 2257 ηρ.

237 2216 272 2271 tis
292 2212 484 2271 incantationes
498 2208 647 2263 suscitaret.
674 2204 739 2273 Qua
759 2216 819 2257 eum
840 2208 971 2282 quareret
983 2213 1027 2282 'ex
1080 2200 1133 2257 Sed
1146 2201 1173 2257 iii
1187 2202 1354 2259 dedicatione
1367 2204 1459 2258 altaris
1471 2202 1541 2273 qnod
1556 2200 1604 2257 luit
1616 2202 1643 2256 in
1656 2199 1766 2269 Betliel,
1784 2202 1826 2257 uir
1855 2218 1871 2257 e

237 2300 286 2349 eo,
333 2298 393 2339 uem
408 2288 541 2335 mortuum
553 2276 588 2333 dc
608 2288 702 2333 soinno
715 2280 824 2343 cuperet
843 2271 957 2335 resolvi,
983 2268 1027 2325 ille
1079 2270 1148 2327 iuda
1170 2280 1310 2329 utcontra
1330 2271 1396 2328 illud
1416 2273 1498 2327 altare
1517 2272 1706 2345 prophetaret,
1726 2272 1871 2329 allumiiio

235 2354 289 2411 sibi
311 2298 461 2409 &maciem
476 2349 544 2403 velle
567 2344 704 2417 respoudit
723 2340 854 2399 suscitari.
880 2338 1028 2423 Suscitatus
1079 2341 1202 2399 mittitur.
1218 2344 1276 2410 Quo
1291 2344 1448 2400 adveniente
1468 2337 1520 2398 duo
1538 2339 1666 2399 terribilia
1684 2343 1759 2413 signa
1779 2352 1870 2399 osten.

238 2439 303 2481 ueru
317 2422 439 2489 Samuel,
456 2418 528 2475 Sauli
543 2416 607 2487 quid
619 2414 751 2479 eueniret,
767 2410 1025 2484 praenuntiandae,
1080 2411 1187 2468 duntur.
1206 2412 1272 2469 liam
1286 2422 1313 2470 et
1326 2414 1409 2470 altare
1427 2416 1452 2467 iii
1468 2414 1536 2468 duas
1554 2422 1643 2497 partes
1659 2414 1748 2469 statim
1763 2412 1791 2468 ιιι
1805 2412 1871 2468 tion

239 2494 378 2566 inquiens,
392 2492 455 2547 horo
464 2498 491 2544 tit
504 2498 525 2545 et
540 2488 587 2559 filii
601 2486 638 2541 tui
652 2500 747 2539 caecian
759 2484 837 2625 eritis(
851 2482 895 2536 seii
909 2492 931 2537 ct
945 2480 1028 2536 lsrael
1080 2478 1229 2539 holocausti
1244 2484 1382 2550 scinditur,
1396 2490 1424 2539 et
1437 2486 1507 2555 regis
1520 2485 1602 2554 ipsius
1617 2484 1691 2538 arida
1707 2498 1803 2539 manus
1818 2483 1871 2539 sic-

239 2564 340 2621 tradam
353 2574 433 2619 tecum
445 2562 472 2615 ia
484 2554 814 2626 mentiminiiiiicovumejua
839 2547 1025 2622 illepiiaviit,
1080 2563 1155 2623 catur
1169 2552 1224 2624 (lt.
1239 2553 1613 2627 nanthereshusen
1630 2554 1669 2611 rei
1686 2562 1714 2608 et
1729 2554 1806 2624 operi
1822 2569 1872 2609 suo

237 2632 326 2707 bie).
341 2633 459 2701 Qualiter
468 2644 532 2700 ergo
542 2622 838 2697 Samuelapythonissa
851 2624 972 2677 suscitari
985 2624 1027 2677 dl·
1079 2632 1141 2693 apte
1161 2636 1358 2690 convenerunt,
1379 2624 1442 2682 dum
1461 2624 1524 2695 quid
1542 2624 1568 2679 lii
1591 2624 1649 2695 ipso
1669 2633 1733 2679 tunc
1754 2640 1818 2695 rege
1837 2625 1873 2680 sit

237 2708 317 2771 citur,
328 2705 391 2760 duin
406 2700 560 2785 pythonissa
572 2694 743 2754 daemoniacis
758 2694 981 2775 incantationibus
1000 2704 1027 2748 ct
1079 2693 1189 2760 iactum,
1205 2694 1341 2751 euidenter
1354 2694 1506 2751 ostendunt.
1524 2696 1621 2766 aptum
1635 2696 1706 2749 enim
1719 2692 1870 2763 videbatur,

236 2776 379 2849 praestigiis
393 2785 430 2830 uti
445 2770 568 2828 uideturl
589 2768 623 2824 Et
642 2765 776 2838 quomodo
790 2762 872 2833 Saul,
888 2778 933 2834 qui
946 2763 972 2818 iii
986 2765 1026 2819 vi·
1080 2775 1109 2819 ut
1124 2766 1169 2835 qui
1185 2764 1231 2820 bei
1244 2767 1362 2833 cultum,
1380 2766 1426 2836 qui
1444 2764 1509 2821 illud
1526 2780 1544 2819 u
1578 2777 1611 2821 ue
1628 2766 1655 2820 in
1676 2780 1729 2821 uno
1747 2765 1825 2821 altari
1845 2776 1873 2821 ct

238 2848 362 2904 ventibus
384 2840 520 2916 prophetis
542 2840 592 2897 bet
609 2850 766 2909 responsum
780 2850 833 2890 non
848 2833 966 2900 invenit,
980 2848 1026 2890 re·
1081 2837 1180 2903 templo
1193 2844 1267 2906 crat,
1286 2836 1434 2902 divisisset,
1454 2835 1538 2906 ipsius
1551 2846 1634 2891 atara
1653 2834 1723 2907 qnod
1743 2836 1791 2892 itte
1809 2838 1874 2893 sipi.

237 2918 423 2975 suseitatuma
442 2922 528 2969 morte
541 2905 695 2982 prophchim
711 2904 802 2961 aiidirc
812 2902 929 2959 meruit?
950 2902 1028 2961 Unde
1080 2905 1185 2976 metipsi
1199 2904 1315 2974 iecerat,
1328 2908 1366 2961 sic
1378 2907 1490 2962 scissum
1506 2906 1667 2976 dessieaiet;
1682 2908 1767 2977 etqui
1782 2906 1873 2977 populi

236 3004 291 3045 noa
306 2988 376 3043 hunc
388 2999 447 3041 csse
457 2982 607 3039 Samuelem
618 2980 691 3036 illuiu
701 2974 856 3047 prophetant
867 2974 1025 3047 perlectum,
1078 2974 1126 3057 pei
1141 2992 1259 3044 niarium,
1274 2993 1308 3032 ne
1319 2978 1430 3031 boniiuo
1442 2992 1492 3032 suo
1503 2977 1662 3032 oblationem
1675 2983 1705 3033 et
1714 2976 1873 3033 holocausta

237 3056 344 3115 Pacilius
361 3054 533 3127 iiitelligitur;
550 3049 597 3107 sed
611 3048 731 3105 diabolus
744 3046 788 3119 qul
809 3060 838 3101 se
856 3044 1027 3117 traiishgurat
1079 3047 1243 3113 immolaret,
1258 3048 1359 3103 aridam
1371 3045 1494 3115 lecisset,
1510 3046 1536 3101 iu
1551 3043 1721 3103 schismatico
1732 3048 1783 3104 illo
1796 3046 1872 3104 holo·

239 3128 266 3185 in
281 3129 402 3200 angelum
427 3124 491 3181 lucis
516 3122 550 3196 (ll
563 3120 622 3179 Cor.
636 3136 680 3185 ιιι,
694 3118 756 3190 lllff,
782 3114 808 3173 iii
841 3114 960 3170 liantasia
974 3115 1025 3172 Sa·
1079 3127 1171 3171 cauato
1186 3132 1280 3173 manus
1296 3117 1367 3174 illius
1381 3112 1454 3174 arida
1470 3125 1619 3189 appareret.

237 3200 334 3256 muclis
355 3196 550 3255 consideretur.
563 3190 639 3262 Quod
653 3206 687 3247 eii
700 3132 867 3270 sermoniffus
881 3186 940 3257 cjus
952 3194 1027 3243 recte
1079 3184 1192 3245 CAPUT
1211 3186 1270 3245 XV.
1283 3186 1373 3245 -De
1394 3190 1471 3243 ιιιύιιι
1491 3204 1615 3243 mmorom
1634 3191 1659 3245 ei
1679 3201 1725 3245 aco
1746 3185 1873 3243 madent

238 3270 419 3339 dignoscitur,
442 3266 566 3337 quoniam
590 3262 696 3318 iuncsto
710 3258 783 3315 Sabli
796 3258 918 3325 dicebat,
945 3256 983 3309 Pu
1004 3266 1026 3311 et
1415 3259 1535 3313 acesim,

238 3342 287 3413 hili
301 3341 338 3395 tui
350 3354 448 3395 aecum
458 3337 536 3391 eritis
557 3332 664 3389 Etenim
678 3330 700 3385 si
713 3344 792 3385 ierus
806 3329 849 3385 ille
862 3328 970 3383 Samuel
983 3325 1027 3383 hic
1114 3324 1246 3383 Praeterea
1258 3344 1364 3400 quoque
1377 3322 1469 3384 heliab
1481 3330 1536 3385 lilio
1548 3328 1641 3396 Amri,
1662 3328 1791 3385 liicitante
1810 3342 1873 3384 eum

239 3421 364 3469 ostensus
380 3414 468 3473 essct,
483 3404 558 3461 nullo
572 3402 652 3458 inodo
673 3400 792 3471 iniquum
805 3412 894 3469 regem
912 3412 1025 3453 consor·
1078 3394 1186 3453 lezabd
1201 3414 1285 3455 uxore
1299 3410 1364 3467 sua,
1377 3398 1455 3471 plura
1468 3409 1564 3470 agente
1577 3400 1696 3468 scelera,
1710 3398 1785 3455 illias
1798 3398 1873 3455 The-

242 3490 295 3537 tem
309 3482 350 3537 sui
365 3478 451 3537 meriti
462 3486 523 3549 post
535 3482 648 3529 mortem
660 3470 768 3526 iliceiel.
783 3468 811 3525 Sl
824 3482 916 3593 cique
928 3468 1025 3593 pplic-
1078 3468 1163 3551 sbitcs
1177 3463 1325 3551 deiialaad
1339 3471 1365 3525 iii
1379 3484 1503 3525 samsone
1518 3469 1564 3526 pei
1578 3470 1665 3525 atgagg
1682 3470 1712 3527 sp
1726 3487 1779 3525 ,0,
1792 3486 1836 3524 ,0,
1850 3481 1876 3525 0,

238 3552 312 3607 nissa
332 3548 455 3607 diabolus
476 3544 641 3609 ostenditur,
663 3556 746 3613 quare
763 3540 860 3596 Saintie
896 3554 922 3593 ιιι
955 3552 1026 3593 nina
1077 3537 1562 3611 piunn,aiaiiuxtooriameioerha,
1583 3540 1622 3596 iila
1639 3538 1874 3610 anniaernut(lil.

238 3622 375 3694 Scriptura
389 3620 485 3677 dicitur
498 3613 659 3673 suscitatus?
685 3612 713 3669 ln
738 3608 827 3667 multis
852 3620 935 3664 sacrae
955 3608 1027 3665 Scri·
1079 3624 1152 3675 xvii,
1169 3608 1208 3682 l).
1224 3609 1307 3681 Cujus
1318 3610 1439 3668 oratione
1450 3611 1583 3682 prohibita
1596 3610 1683 3681 pluvia
1696 3611 1783 3667 tribus
1795 3610 1876 3666 annis

238 3702 323 3765 ptura
337 3691 405 3748 locis
420 3688 568 3761 imaginatis
580 3680 660 3741 rebus
678 3696 801 3739 verarum
815 3694 905 3736 rerum
917 3680 1026 3735 nomina
1079 3686 1108 3733 et
1124 3693 1171 3735 seii
1189 3677 1327 3737 mensibus
1346 3697 1400 3737 non
1418 3682 1505 3751 pluit:
1521 3691 1652 3752 quatenus
1666 3681 1711 3751 qui
1723 3680 1810 3736 lleiiiii
1825 3696 1877 3751 per

237 3779 310 3834 sape
336 3762 532 3819 adscribuntur.
555 3754 695 3827 Quomodo
717 3761 744 3809 et
768 3750 893 3823 praedicta
907 3750 980 3821 uirga
997 3750 1026 3806 in
1079 3750 1149 3805 inala
1167 3750 1194 3806 in
1211 3759 1281 3809 terra
1298 3752 1518 3819 exiieerhassent,
1533 3753 1594 3811 eccll
1607 3752 1747 3809 clementia
1760 3761 1788 3808 et
1802 3754 1876 3807 acris

237 3834 438 3893 similitudinem
450 3829 583 3913 serpentis
596 3826 752 3899 imaginata,
768 3830 795 3879 ct
806 3815 1027 3891 pliaulasticailla
1078 3820 1269 3878 commoditate
1287 3831 1418 3879 carerent.
1436 3820 1534 3879 Verum
1555 3824 1614 3880 hcc
1630 3821 1725 3894 plaga,
1746 3833 1776 3877 ut
1796 3822 1875 3876 multi

238 3920 375 3977 mali⁰l¹¹¹¹¹
387 3910 548 3974 ⁵⁰¹'P0¹¹²¹¹¹¹n
566 3898 593 3953 ΙΙΙ
608 3896 724 3968 AEtlhw
738 3892 837 3965 (ΕΜ
849 3906 896 3959 vti,
911 3892 954 3955 Ν·
967 3890 1025 3965 ¹²),
1079 3906 1123 3948 ma
1143 3891 1199 3947 istri
1213 3901 1324 3963 putant,
1344 3901 1448 3949 tanhim
1467 3903 1566 3949 terram
1587 3893 1666 3950 lsrael
1685 3892 1875 3964 castigaverat.

239 3986 266 4033 ct
281 3977 324 4033 ille
342 3989 434 4031 aeneus
454 3973 481 4026 in
505 3971 611 4039 deserto
633 3980 744 4051 serpens
758 3962 911 4046 nuntiantur
922 3960 1026 4045 7(ΙΙυιιι.
1078 3908 1140 4019 Sei?
1147 3961 1229 4044 moris
1244 3971 1285 4019 est
1298 3962 1511 4034 Scripturarum,
1528 3972 1559 4021 ut
1572 3964 1646 4020 illam
1659 3964 1826 4035 provinciam
1839 3963 1878 4019 do

239 4062 304 4113 axi,
320 4042 359 4117 b).
381 4044 441 4101 Duo
454 4056 558 4111 quoque
571 4036 713 4094 Cherubim
730 4048 777 4104 pro
791 4033 963 4089 similitudine
976 4032 1026 4087 ob·
1080 4048 1132 4103 qua
1151 4032 1255 4100 dicunt,
1278 4048 1385 4090 omnem
1405 4042 1501 4091 terram
1520 4033 1700 4091 iiidiilcrentcr
1714 4034 1875 4101 nominent,

237 4114 364 4171 umbrare
379 4110 588 4183 propitiamrium
607 4115 787 4163 nicatorantur
798 4102 895 4175 (Ecce.
912 4115 1025 4175 xxxvii,
1080 4099 1152 4175 quod
1166 4103 1356 4160 convenienter
1371 4120 1433 4160 eum
1450 4104 1508 4161 lilia
1524 4106 1693 4177 postmodnm
1707 4100 1803 4159 heliab
1814 4118 1877 4160 ser.

240 4182 280 4255 Ι).
294 4184 415 4252 Quinque
434 4196 539 4246 mures,
562 4186 588 4233 et
601 4178 716 4249 quinque
734 4172 806 4229 anull
821 4174 854 4228 de
870 4182 940 4227 terra
963 4170 1027 4227 Phi·
1080 4188 1162 4229 irione
1178 4174 1384 4230 demonstratur.
1402 4176 1469 4231 Cum
1484 4176 1555 4231 enim
1569 4174 1655 4231 Ellam
1670 4176 1728 4245 ipse
1740 4173 1877 4243 vidisset,

238 4252 331 4309 listiiai
346 4252 372 4307 in
386 4250 502 4320 capsella
512 4262 572 4305 euni
583 4262 644 4303 arca
655 4244 759 4301 Domini
770 4240 1026 4367 releriinturglllep.
1080 4240 1191 4316 Tironis
1205 4262 1247 4311 ea,
1262 4247 1305 4317 pai
1318 4246 1450 4301 conturbat
1481 4248 1585 4316 opalum
1599 4246 1702 4303 israeli
1717 4244 1813 4303 Achab
1832 4246 1881 4302 di-

239 4338 280 4390 ut,
303 4322 333 4384 li
351 4360 359 4377 .
380 4320 524 4377 Duodecim
547 4318 628 4375 boves
652 4314 701 4371 sub
722 4312 879 4397 marinaeo
901 4312 933 4385 (tt
961 4312 1025 4385 hep.
1080 4316 1152 4369 aisse
1163 4315 1288 4371 retertur.
1300 4313 1349 4371 Cui
1358 4264 1523 4385 respondens
1534 4316 1616 4383 Elias,
1626 4316 1653 4372 in
1665 4316 1745 4373 lsrael
1756 4326 1881 4373 ιιιιιυιιι-

239 4410 287 4461 vu,
298 4391 333 4450 as·
348 4386 605 4463 ‚etquatuordccim
616 4386 709 4443 leones
722 4398 747 4441 iu
760 4380 857 4438 throno
877 4378 1027 4440 Salomonis
1080 4384 1162 4441 niodo
1179 4386 1299 4457 culpam.
1321 4402 1380 4457 quae
1399 4388 1468 4443 hauc
1484 4388 1527 4458 pla
1545 4403 1588 4443 aiii
1603 4388 1775 4456 incitaverat,
1791 4388 1880 4442 luisse

240 4462 361 4523 PPWP
381 4468 532 4519 munimur
545 4456 601 4531 (M-
615 4474 642 4522 Χ,
657 4454 709 4525 ¹92
722 4454 778 4527 wi·
794 4449 938 4537 Cherubim
962 4470 1029 4525 ‘lub-
1080 4452 1229 4513 deiinntiat.
1242 4455 1303 4511 ll'on
1314 4458 1390 4522 enim,
1401 4458 1496 4528 inquit,
1508 4402 1581 4513 Effice
1592 4474 1636 4530 ego
1647 4458 1768 4514 contario
1778 4456 1878 4523 lmacl,

240 4552 293 4607 que
307 4544 334 4592 et
346 4532 460 4606 palmae,
481 4540 508 4587 et
521 4532 588 4585 mala
612 4538 741 4601 granata,
762 4534 788 4581 ct
802 4530 868 4581 retia
890 4524 916 4579 in
935 4526 1026 4597 templi
1080 4526 1125 4599 seii
1141 4535 1168 4580 tu
1185 4534 1208 4581 et
1226 4527 1315 4583 damin
1331 4528 1410 4599 patris
1422 4531 1471 4594 tui,
1485 4528 1711 4601 gniodereiigitiati
1723 4531 1807 4601 legem
1819 4526 1879 4582 bo·

238 4602 351 4663 aedilicio
365 4604 471 4675 depicta
484 4600 669 4659 describuntur
689 4596 743 4679 ild.
760 4610 794 4663 vi,
811 4594 871 4668 δὲ),
894 4608 954 4649 ιυιιι
970 4596 1028 4651 hace
1080 4596 1153 4661 atini,
1166 4598 1275 4653 etaereia
1286 4596 1352 4652 lieni
1373 4593 1415 4653 lit.
1431 4615 1506 4667 xviii,
1520 4598 1563 4667 ΙΙ,
1574 4595 1628 4670 lh).
1641 4598 1743 4669 Quibus
1753 4601 1881 4670 utrisque

237 4678 330 4733 omnia
343 4690 396 4731 uoii
410 4678 466 4747 ipsa
480 4686 568 4729 rerum
592 4671 720 4737 veritate,
735 4666 782 4725 sed
795 4682 843 4792 pro
856 4662 1028 4749 similitudine
1080 4659 1242 4749 dictionibus
1254 4666 1282 4721 in
1296 4665 1368 4725 israe
1397 4668 1581 4726 tantummodo
1596 4669 1701 4741 culpam
1719 4678 1747 4726 cl
1769 4669 1882 4742 plagam

237 4744 551 4816 istanominarecipiunt.
568 4740 731 4817 lpsntamcn
744 4738 793 4794 Ser
804 4748 889 4808 pturtn
901 4750 959 4793 sine
972 4736 1029 4792 ullo
1080 4739 1264 4792 convenientia
1285 4739 1428 4795 verborum
1451 4754 1511 4796 csse
1531 4740 1706 4797 demonstrat.
1724 4740 1757 4797 Si
1773 4740 1882 4797 etenim

238 4814 435 4875 incertitudinis
457 4824 578 4887 respectu
599 4812 673 4885 quasi
687 4824 730 4867 res
745 4822 821 4866 veras
834 4802 891 4863 baec
904 4808 1027 4863 nomina·
1080 4816 1166 4864 totum
1179 4807 1307 4866 mundum
1321 4810 1397 4881 plaga
1409 4808 1453 4866 illa
1468 4810 1632 4883 flagellaret,
1646 4826 1700 4867 nou
1712 4812 1756 4884 qai
1768 4821 1884 4867 contar.

239 4890 288 4945 tiui
307 4896 420 4961 ponunt.
442 4886 602 4943 Phantasma
624 4882 704 4965 igitur
725 4876 866 4939 Samuelis,
876 4878 948 4933 velut
971 4880 1029 4949 ipse
1081 4878 1125 4935 hoa
1138 4876 1220 4935 larnai
1233 4880 1432 4947 tautummodo,
1449 4880 1498 4939 scd
1511 4883 1556 4954 qui
1570 4883 1714 4939 conturbas
1726 4890 1817 4938 totuin
1831 4898 1883 4937 or·

239 4956 348 5019 Samuel
371 4964 506 5015 ostensum
522 4960 724 5027 pronuntiatur,
750 4952 819 5007 sicut
831 4961 857 5005 ct
879 4950 905 5005 iii
927 4948 1028 5005 risibus
1080 4950 1158 5014 bem,
1172 4948 1265 5006 dchab
1277 4949 1397 5007 dixisset.
1416 4948 1446 5007 ln
1465 4961 1586 5025 tempore
1605 4961 1693 5009 autern
1711 4952 1846 5010 siccitatis
1867 4966 1884 5007 a

239 5028 451 5101 Prophetarum,
467 5037 495 5085 et
515 5026 544 5083 iii
561 5018 844 5097 Apoealypslioanuis
856 5020 957 5077 ostensi
976 5020 1028 5076 viri
1079 5018 1194 5076 Domino
1206 5020 1271 5076 Elia
1287 5020 1393 5090 dicitur,
1411 5033 1439 5079 ut
1454 5022 1481 5080 in
1496 5022 1622 5097 spelunca
1639 5026 1766 5081 torrentis
1782 5022 1881 5081 cartili

239 5099 452 5173 Pffflfflfifflil’l·
465 5150 467 5159 .
1080 5106 1111 5148 se
1122 5090 1309 5158 absconderet,
1320 5094 1367 5149 ubi
1378 5092 1465 5150 coriis
1475 5096 1685 5151 ministrantibus
1729 5110 1766 5151 ne
1777 5104 1806 5151 et
1819 5108 1883 5150 car·

370 5166 484 5226 uteba
501 5162 645 5227 itit-th
655 5164 813 5248 peractione
826 5158 895 5219 (iae.
959 5177 963 5184 ·
1080 5162 1171 5229 nibus,
1186 5172 1214 5217 et
1226 5178 1295 5233 aqua
1309 5164 1517 5222 torrentisillum
1530 5166 1639 5223 sabaiet
1652 5165 1677 5251 (l
1700 5166 1883 5291 .xvii,24);

277 5226 342 5297 Post
353 5240 487 5297 modicum
497 5236 594 5295 deinde
604 5234 687 5294 band
698 5250 808 5307 regnum
820 5234 957 5291 obtinente
967 5246 1028 5288 arca
1081 5232 1178 5303 duplici
1191 5232 1293 5290 scilicet
1307 5234 1457 5303 scenicae,
1472 5245 1604 5309 ouaoenus
1618 5246 1646 5293 ct
1658 5254 1684 5294 in
1699 5245 1822 5309 tempore

243 5310 396 5369 testamenti
408 5308 443 5365 dc
463 5308 543 5365 domo
555 5306 703 5363 ilminadab
715 5308 747 5361 ad
770 5305 946 5360 ierusalcma
965 5318 1029 5375 rege
1080 5304 1132 5361 niis
1152 5304 1264 5360 baberet
1286 5304 1454 5371 alimoniam,
1477 5319 1505 5364 et
1525 5318 1724 5377 persecutorum
1746 5306 1827 5365 ,vida
1850 5320 1885 5361 ω

242 5392 270 5437 et
283 5383 355 5443 omni
375 5380 474 5451 populo
492 5379 655 5450 perducitur.
671 5378 724 5434 Oua
739 5372 809 5431 lilius
823 5370 970 5429 hmiiiadah
984 5390 1029 5431 se·
1080 5376 1256 5445 quarentium
1271 5376 1391 5431 rabidam
1406 5375 1534 5447 effugeret
1547 5378 1624 5435 iraiii.
1637 5376 1732 5435 Coruis
1745 5394 1812 5435 vero
1827 5378 1883 5434 mi·

241 5466 326 5524 queris
345 5467 451 5517 arcam,
465 5466 526 5507 cuin
548 5450 621 5504 illam
635 5449 708 5503 rclut
727 5454 879 5503 sustentans
893 5452 1027 5513 tangeret,
1081 5446 1195 5501 nistrare
1221 5446 1362 5517 Propheta
1387 5447 1553 5519 praeipitur,
1576 5458 1605 5506 ut
1628 5450 1730 5505 scilicet
1751 5450 1883 5521 culpam,

240 5524 328 5579 siiliita
344 5530 429 5578 morte
442 5536 583 5593 percussus
595 5530 622 5577 ct
636 5518 778 5575 sull'ucatus
802 5527 843 5572 ost
858 5514 892 5589 ill
907 5514 970 5585 lieg.
982 5530 1027 5580 ui,
1081 5532 1160 5587 quem
1172 5518 1197 5571 in
1208 5516 1308 5575 diluvio
1321 5520 1528 5577 commiseratio
1542 5530 1623 5585 tenu,
1637 5536 1750 5605 purgare
1763 5524 1818 5576 avis
1830 5521 1884 5575 illa

242 5588 316 5667 P-i).
338 5594 366 5649 lii
383 5610 435 5718 {aa
455 5592 524 5647 lactc
539 5590 676 5647 temeritas
691 5591 715 5647 hi
732 5590 789 5659 ipso
806 5588 876 5653 Oia,
895 5587 941 5658 ipii
967 5600 1029 5641 euin
1081 5587 1226 5654 viderctur,
1247 5588 1309 5645 dum
1325 5599 1355 5647 ut
1370 5592 1453 5647 tidelis
1466 5592 1588 5649 minister
1602 5591 1716 5647 allicitur
1729 5592 1813 5658 Elin,
1827 5592 1884 5661 qni

243 5680 296 5719 uun
306 5671 378 5720 essct
406 5679 421 5718 c
434 5678 531 5733 genere
540 5662 630 5717 haren
637 5676 725 5715 aream
738 5656 865 5731 tetigerit,
876 5658 1027 5724 damnatum
1081 5658 1218 5783 nig'ligms
1232 5667 1259 5713 el
1273 5657 1352 5717 lallaii
1365 5670 1424 5717 erat
1441 5672 1518 5719 antea
1537 5662 1602 5719 Noc.
1620 5664 1753 5719 Praeterea
1769 5674 1884 5734 guoque

242 5743 269 5789 et
283 5743 353 5789 totus
363 5734 490 5804 populus,
503 5748 563 5802 quia
577 5741 654 5787 eautc
667 5731 692 5812 iii
707 5730 803 5813 divinis
816 5732 895 5785 robus
907 5743 936 5785 se
948 5743 1029 5799 agere
1083 5728 1108 5785 iii
1138 5745 1171 5785 oi:
1182 5728 1330 5787 ministerio
1340 5733 1401 5788 illud
1413 5735 1491 5787 etiani
1503 5733 1660 5800 ostenditur,
1671 5733 1884 5807 qiiallterliomo

243 5804 369 5871 deberet,
382 5804 552 5885 admonetur.
568 5800 740 5873 ὃυιΙιιυιυιυι
752 5798 859 5875 aliquod
874 5802 1028 5875 praecedens
1083 5803 1105 5859 si
1125 5816 1178 5858 non
1195 5810 1350 5871 peccasset,
1375 5804 1453 5863 ctiam
1473 5803 1699 5863 infructuosorum
1719 5800 1882 5862 animalium
