4000 6359
261 388 332 455 2119
737 380 916 443 Ertsrotm
935 384 981 441 Ab
1000 380 1170 456 erutas,
1190 389 1220 446 S.
1240 380 1421 449 AUGUSTINI
1825 398 1897 465 ml

261 510 403 574 ostendere
415 508 498 567 volarit
508 508 569 581 quia
587 508 615 564 in
627 507 697 578 Lege
710 520 788 562 nemo
802 506 973 577 justificatur,
988 504 1052 575 quia
1108 508 1166 579 ejus
1183 510 1279 570 :aiunt
1295 514 1367 571 enim
1383 524 1523 587 propterea
1535 529 1589 571 non
1604 529 1664 572 esse
1676 507 1796 587 dietum,
1810 507 1898 577 Mate.

261 606 445 677 scriptumest
461 602 561 674 iustum
573 614 606 657 ex
623 598 676 655 lide
690 599 789 654 vivere.
803 596 891 665 Quare
902 592 1052 668 intelligen-
1106 599 1188 657 dictur
1206 605 1302 673 amnia,
1318 607 1364 677 qui
1378 606 1466 678 Agitur
1479 608 1507 662 in
1523 608 1610 678 ligno;
1632 607 1694 673 sed,
1710 608 1753 679 qai
1765 612 1858 681 pervdet
1870 614 1897 668 in

261 698 325 755 dum
347 706 388 754 est
408 696 435 753 in
456 694 544 766 Lege,
566 691 638 763 quad
657 692 775 747 nuncait
794 692 823 747 io
836 690 951 762 operibus
965 690 1051 762 Lapis,
1106 692 1175 763 liqna
1186 711 1196 759 ,·
1217 699 1350 767 quianon
1373 698 1417 753 liic
1429 700 1556 755 Dominus
1578 700 1740 771 significatus
1762 713 1822 771 est,
1847 706 1897 761 sed

261 788 360 845 dictum
380 800 459 854 esso;
475 796 502 843 ει
521 786 573 841 boe
594 784 652 841 istis
669 784 715 856 qui
735 784 763 839 in
777 783 979 839 circumcisione
993 796 1052 837 ear·
1105 783 1150 840 ille
1161 786 1207 857 qui
1219 803 1249 843 se
1262 789 1356 860 laqueo
1368 791 1504 862 suspendit
1519 810 1525 846 ι
1540 792 1619 875 nimis
1628 805 1728 865 errant,
1741 814 1792 853 nee
1803 808 1894 855 atton·

263 883 306 938 nis
319 890 345 938 et
359 879 458 939 talibus
471 878 701 935 observationibus
711 876 879 934 eontinentur
893 892 900 930 :
916 876 1052 947 inquibus
1104 875 1170 931 dant
1184 893 1214 934 se
1231 889 1323 935 eontra
1337 884 1492 953 Apostolum
1514 882 1666 957 disputare,
1683 888 1728 958 nni
1745 889 1801 957 ait,
1816 888 1894 946 Clari·

260 974 304 1047 qui
327 974 408 1041 vivit,
429 974 465 1027 ita
485 970 512 1027 ἱιι
525 971 596 1043 Lege
618 978 674 1037 est,
694 978 722 1026 ut
740 971 790 1026 sub
805 968 876 1041 Lege
891 968 969 1049 rival.
996 967 1050 1024 Sed
1103 978 1157 1024 stur
1171 986 1215 1026 nor
1228 972 1333 1029 redemit
1346 976 1377 1029 dc
1396 977 1529 1031 maledicto
1547 975 1637 1051 Lepis,
1660 984 1742 1051 saclas
1759 999 1806 1052 pro
1820 984 1895 1038 nodia

260 1064 371 1137 Legem,
386 1074 416 1119 ut
424 1064 523 1119 dietum
537 1071 594 1131 est,
608 1076 657 1134 pro
671 1062 737 1132 ipsis
749 1062 875 1132 operibus
889 1061 966 1133 Legis
979 1076 1051 1117 nunc
1103 1062 1285 1129 tualedictana;
1298 1068 1357 1137 qaia
1373 1068 1561 1139 scriptumest,
1584 1070 1736 1127 Maledictus
1751 1076 1834 1130 omnia
1849 1076 1896 1147 qai

258 1159 355 1229 posuit,
371 1156 442 1227 quod
452 1156 479 1212 in
489 1156 680 1227 posterioribus
693 1152 886 1210 manifestatur.
902 1154 947 1208 Ait
958 1153 1048 1211 enim:
1103 1152 1194 1223 pendet
1211 1155 1238 1209 in
1257 1156 1334 1227 lipno.
1357 1158 1406 1227 Qui
1419 1176 1482 1231 ergo
1503 1177 1551 1231 pro
1565 1163 1642 1218 nobis
1655 1163 1741 1221 lactus
1755 1175 1796 1222 est
1808 1168 1896 1223 male·

257 1244 313 1302 Lea
323 1255 405 1301 uatem
417 1264 466 1315 aon
479 1255 515 1301 est
531 1262 562 1302 ea
576 1244 641 1316 fide,
663 1244 708 1299 sed
725 1246 767 1316 qui
785 1244 870 1315 lecerit
882 1260 926 1312 ca,
941 1245 1004 1299 oioel
1021 1244 1049 1299 in

257 1340 317 1396 illis.
332 1338 391 1395 Non
404 1340 451 1407 ait,
467 1338 517 1407 Qui
533 1338 627 1395 lecerit
641 1352 710 1405 eam,
725 1339 797 1394 vivet
810 1340 836 1393 in
852 1354 901 1405 ea3
927 1346 957 1393 ut
967 1337 1047 1393 iutel-

256 1431 322 1502 lissas
342 1433 438 1503 Legem
459 1432 485 1487 in
499 1432 549 1488 boc
563 1432 622 1486 loeo
643 1444 692 1500 pro
704 1430 768 1500 ipsis
782 1429 906 1501 operibus
920 1430 1044 1499 positam.

256 1524 308 1595 Qui
320 1532 409 1580 autem
422 1522 548 1580 vivebant
561 1522 588 1577 in
602 1522 642 1578 bis
658 1522 801 1593 operibus,
817 1522 945 1578 timebant
957 1522 1047 1593 utique

256 1630 309 1684 ne,
330 1618 354 1673 si
374 1633 427 1673 non
440 1632 472 1675 ea
493 1615 639 1683 iecissent,
658 1615 857 1686 lapidationem,
872 1614 914 1671 vel
927 1629 1044 1686 erucem,

255 1709 297 1763 vel
310 1709 409 1781 aliquid
424 1706 574 1779 hujusmodi
587 1712 749 1777 paterentur.
766 1706 837 1776 Ergo
850 1706 892 1778 qai
907 1706 991 1775 lecerit
1004 1722 1043 1773 ea,

256 1798 358 1869 inquit,
381 1800 444 1855 oinct
457 1800 484 1853 in
500 1798 578 1864 illia,·
598 1798 625 1854 id
644 1805 699 1867 εει,
721 1796 830 1852 babebit
843 1796 997 1867 praemium,
1011 1811 1045 1852 ne

255 1892 307 1948 lsta
319 1900 405 1948 morte
418 1892 549 1963 puniatur.
572 1890 630 1946 Non
645 1905 707 1961 ergo
722 1889 793 1961 apud
807 1888 906 1957 Deum,
926 1890 1001 1959 cujus
1011 1906 1046 1947 ex

256 1983 309 2038 lide
328 1982 422 2054 siquis
441 1982 467 2037 in
481 1980 531 2038 hac
545 1982 722 2049 vitavissent,
742 1994 802 2036 eum
817 1980 878 2036 binc
889 1982 1043 2051 excesserit,

255 2084 319 2131 tunc
331 2090 392 2130 eum
404 2074 489 2145 magis
502 2074 610 2129 habebit
622 2074 859 2143 praesentissimum
872 2075 1012 2145 praemium
1023 2076 1042 2129 ¹.

189 2210 193 2221 .
254 2166 313 2223 Non
325 2168 414 2238 itaque
428 2182 461 2222 ex
477 2166 529 2223 fide
545 2166 627 2235 viril,
642 2168 762 2238 quisquis
776 2169 917 2238 praesentia
932 2184 992 2240 qrrae
1003 2170 1044 2225 vl·

254 2258 353 2316 dentur
362 2257 426 2323 ,vel
438 2256 528 2327 eupit,
540 2258 584 2313 vel
599 2258 691 2325 timet;
708 2260 769 2330 quia
784 2258 850 2315 lrdes
864 2260 910 2315 [lei
924 2259 958 2315 ad
970 2261 1043 2315 invi-

254 2349 339 2407 sibilia
360 2349 495 2419 pertinet,
523 2364 581 2419 quae
602 2359 663 2420 post
686 2350 827 2405 dabuntur.
852 2350 919 2406 Nam
940 2351 1044 2407 estista

254 2442 374 2515 quaedam
392 2443 419 2497 in
440 2442 567 2514 operibus
586 2444 664 2515 Legis
680 2444 782 2515 lustitia
796 2442 980 2517 (quarrdosine
994 2462 1044 2503 sno
1067 2486 1070 2491 -

253 2535 364 2605 praemio
383 2536 475 2591 relicta
492 2550 544 2593 non
561 2535 630 2610 εει),
653 2547 684 2593 ut
702 2538 747 2608 qui
767 2537 860 2595 lecerit
873 2553 921 2605 ea,
935 2538 1044 2595 viratin

256 2627 307 2684 eis.
318 2626 395 2685 Unde
408 2636 436 2684 ει
454 2628 488 2685 ad
501 2629 635 2686 Romanos
648 2630 711 2685 dicit
726 2648 733 2685 t
749 2630 780 2686 sa·
794 2648 860 2685 ειιιιιι
874 2629 1001 2686 Abrabam
1013 2650 1045 2687 ea

252 2717 367 2789 operibus
387 2719 543 2790 justificatae
564 2728 613 2787 eat,
640 2719 711 2774 trater
727 2723 852 2791 pierium,
873 2726 917 2777 ted
938 2739 989 2778 noo
1010 2724 1044 2779 ad

251 2808 335 2865 Deam
351 2809 437 2882 (Rom.
451 2826 491 2879 tv,
506 2811 546 2882 Ξ).
568 2811 646 2867 Aliud
659 2821 700 2867 εει
713 2828 790 2883 ergo,
813 2828 866 2868 non
883 2814 1041 2885 justificari3

251 2899 341 2969 aliud,
354 2916 408 2956 non
430 2902 570 2973 jusulreari
603 2903 673 2972 apud
688 2903 781 2958 ileum.
803 2904 853 2971 Qui
867 2906 974 2961 omnino
990 2922 1054 2963 non-

250 2988 425 3062 justificatur,
447 3009 495 3050 nee
517 2994 560 3049 illa
574 3004 662 3050 servat
688 3010 746 3066 quae
776 2999 922 3067 temporale
945 2998 1044 3057 babent

251 3084 407 3153 praemium,
421 3098 470 3140 nee
485 3086 529 3140 illa
543 3100 602 3155 quae
615 3093 742 3141 aeternum
757 3104 763 3141 :
778 3089 823 3159 qui
835 3099 923 3144 nutem
939 3090 964 3146 ln
979 3106 1044 3162 ope·

251 3171 325 3229 ribus
337 3174 415 3245 Legis
435 3175 604 3245 justilieatur,
617 3192 667 3232 nou
687 3177 756 3248 apud
769 3179 850 3233 Deum
864 3179 1041 3250 justificatum

252 3264 314 3333 qvnia
329 3265 501 3335 temporalem
516 3266 578 3322 inde
593 3276 727 3336 exspectat
740 3268 925 3341 visibilemque
937 3287 1042 3328 meree-

254 3354 327 3410 deua.
343 3354 397 3409 Sed
411 3364 497 3411 tamen
517 3358 648 3412 estetiam
670 3358 735 3428 ista,
759 3368 788 3414 ut
806 3360 879 3426 dixi,
901 3362 1041 3433 quadam,

252 3454 284 3501 ut
305 3446 344 3501 sie
364 3446 467 3515 dicam,
491 3456 596 3504 terrena
618 3451 784 3521 carnalisque
802 3450 902 3520 justitia
918 3472 924 3503 :
940 3468 1003 3510 nom
1016 3463 1043 3511 et

250 3534 308 3607 ipse
321 3535 464 3608 Apostolus
477 3553 535 3593 eam
549 3538 677 3610 justitiam
689 3549 785 3609 vocat,
807 3556 867 3596 eum
888 3543 949 3599 alibi
964 3544 1040 3615 dicit,

250 3626 399 3684 Secundam
415 3630 543 3701 lateritiam
556 3649 613 3704 aare
632 3634 659 3688 in
678 3633 745 3705 leae
757 3642 808 3703 eal,
822 3647 979 3695 conterrales
998 3641 1043 3712 qai

248 3718 344 3789 fuerim
360 3720 414 3776 tine
426 3723 527 3792 qamela
543 3721 673 3796 (Philipp.
689 3740 737 3791 ιιι,
761 3724 808 3796 b).

294 3810 339 3867 ιι.
361 3810 411 3885 [lb.
432 3829 476 3880 nr,
495 3816 545 3883 ld,
565 3815 622 3890 tt]
646 3814 789 3888 Propterea
813 3818 941 3879 llonainns
964 3822 1041 3883 lesus

247 3902 369 3960 Christus
377 3906 433 3976 jam
443 3905 592 3963 libertatern
606 3908 715 3965 daturus
727 3910 906 3981 credentibus,
919 3916 1041 3986 quaedam

248 4012 339 4052 earum
351 3997 565 4055 observationum
579 4014 632 4055 non
648 4004 762 4059 servavit
775 4005 809 4061 ad
822 4006 948 4063 litteram.
964 4009 1041 4066 Unde

249 4086 329 4140 etiam
344 4100 405 4141 eum
420 4088 530 4144 sabbato
546 4092 695 4147 esurientes
710 4093 835 4167 discipuli
857 4099 945 4168 spicas
966 4100 1041 4155 evul-

249 4172 367 4240 sissent,
390 4177 526 4245 respondit
539 4180 753 4249 indignantibus,
770 4184 910 4244 bantinum
922 4204 983 4245 esse
995 4189 1040 4245 Fi-

248 4262 313 4319 lium
327 4263 444 4321 bominis
461 4268 540 4322 etiarn
555 4268 657 4324 sabbati
673 4270 777 4341 (Mattlv.
790 4290 844 4342 ιιιι,
859 4278 928 4349 l-8).
949 4278 1040 4351 ltaque

248 4351 294 4408 llla
306 4355 448 4411 carnaliter
459 4370 513 4411 non
528 4356 711 4429 observando,
732 4365 878 4421 carnalium
890 4369 1039 4442 contagia-

248 4445 287 4502 vit
298 4446 424 4501 invidiam
437 4464 444 4513 ;
457 4456 483 4504 ct
497 4452 615 4523 suscepit
624 4453 731 4523 quidem
748 4470 854 4526 pcenam
871 4464 1036 4533 propositam

247 4537 316 4608 illis,
330 4540 375 4611 qui
389 4555 420 4596 ea
433 4556 485 4598 aon
500 4544 700 4616 observassent,
715 4549 760 4605 sed
775 4558 803 4605 ut
816 4553 954 4612 eredentes
967 4557 994 4613 in
1009 4574 1038 4615 se

247 4630 309 4685 talis
323 4644 410 4701 penae
428 4632 522 4690 timore
541 4622 687 4693 liberaret:
704 4656 756 4711 quo
777 4646 891 4713 pertinet
904 4648 975 4718 quod
989 4651 1037 4707 ad·

247 4721 344 4793 jungit,
358 4722 472 4780 Cbrislac
485 4741 531 4780 noa
541 4728 646 4784 redemit
661 4728 692 4784 de
701 4732 834 4789 ntaledicto
844 4735 937 4810 Lepte,
955 4745 1038 4814 [actua

248 4830 294 4883 pre
308 4814 379 4870 notis
398 4816 580 4884 nrulediclum;
594 4822 652 4891 quia
671 4824 792 4895 scriptam
811 4836 864 4897 eat,
884 4828 1037 4888 Maledictus

248 4907 384 4975 amaitaei
402 4910 493 4979 pendet
506 4910 533 4965 in
546 4910 624 4982 liano.
640 4913 704 4982 Quae
717 4920 848 4974 sententia
867 4922 1038 4991 spiritualiter

249 4994 457 5070 intelligentibus
469 5016 664 5063 sacramentum
677 5016 718 5064 εει
732 5009 880 5067 libertatis:
893 5018 1038 5075 carnaliter

249 5096 336 5145 ειιιειιι
349 5094 542 5166 sentientibus,
558 5098 580 5153 si
599 5097 683 5153 ludaei
697 5109 778 5170 sunt,
792 5103 884 5175 jugum
899 5119 939 5164 est
951 5112 1037 5166 servi·

250 5184 331 5252 lutis;
352 5187 374 5240 si
394 5190 486 5257 pagani
501 5200 546 5245 aut
559 5192 686 5261 heretici,
708 5194 884 5255 velamentum
900 5208 1034 5263 este-nei-

250 5271 321 5327 tatis.
342 5274 408 5332 Nam
422 5278 492 5348 quod
516 5281 622 5351 quidam
637 5284 721 5339 nostri
741 5286 828 5342 nunus
847 5289 874 5344 in
895 5290 1037 5365 seripturis

250 5362 359 5431 eruditi,
374 5370 531 5425 sententiam
544 5372 621 5429 istam
636 5374 715 5430 nimis
728 5376 863 5447 timentes,
879 5392 906 5437 et
920 5384 1038 5456 Scriptu-

250 5464 295 5506 ras
313 5463 417 5513 veteres
437 5460 526 5516 debita
548 5464 644 5535 pietate
664 5468 856 5539 approbantes,
873 5488 925 5530 non
945 5488 1038 5547 putant

251 5542 302 5601 boe
319 5546 353 5603 de
365 5549 475 5609 Domino
489 5570 550 5613 esse
572 5558 688 5629 dictum,
713 5564 759 5619 sed
773 5562 807 5621 de
827 5566 893 5623 luda
910 5574 1037 5633 traditore

283 5763 471 5841 ‘transtulerit
487 5778 709 5847 praestantissimam
726 5787 859 5849 piamun.
877 5794 920 5845 ttn
931 5794 1037 5863 eodiees,

253 5832 613 5897 pretemeaanumprameum.
801 5896 803 5899 .

335 5958 364 5986 'br

1101 1242 1219 1312 dietum,
1236 1247 1293 1317 ipse
1306 1249 1395 1321 utique
1411 1252 1535 1322 pependit
1549 1254 1575 1308 ln
1588 1256 1676 1327 ligno,
1692 1257 1792 1325 idest,
1808 1258 1892 1317 curr-

1100 1343 1167 1406 stus,
1180 1339 1226 1409 qui
1236 1354 1284 1395 nos
1298 1341 1419 1398 liberavit
1431 1358 1446 1398 a
1460 1345 1601 1402 maledieto
1614 1348 1707 1422 Legis3
1722 1359 1752 1405 ut
1767 1366 1819 1406 non
1830 1352 1892 1423 jam

1100 1428 1196 1488 timore
1219 1433 1425 1504 justificaremur
1447 1442 1474 1493 in
1495 1442 1619 1511 operibus
1640 1443 1738 1515 Legis,
1765 1447 1813 1501 sed
1837 1448 1894 1507 lde

1099 1522 1169 1593 apud
1183 1522 1348 1597 licumque
1362 1544 1417 1583 non
1429 1545 1476 1599 per
1493 1531 1633 1598 timorem,
1649 1534 1695 1589 sed
1710 1550 1758 1604 per
1766 1536 1890 1595 dileetio·

1099 1631 1160 1671 nem
1182 1629 1316 1689 operatur.
1341 1620 1455 1692 Spiritus
1474 1624 1545 1678 enim
1566 1636 1692 1691 sanetus,
1717 1629 1762 1700 qui
1777 1629 1830 1686 boe
1840 1647 1892 1702 per

1097 1703 1206 1778 Moysen
1220 1707 1297 1778 dixit,
1313 1719 1455 1782 utrumque
1468 1713 1583 1784 providit
1597 1715 1626 1782 ¹,
1641 1724 1706 1772 utet
1720 1717 1815 1775 timore
1825 1722 1892 1777 visi-

1096 1796 1157 1854 bilis
1177 1814 1264 1869 paenae
1283 1802 1481 1861 custodirentur
1502 1806 1685 1876 qainondam
1711 1820 1835 1880 poterant
1854 1829 1891 1869 ex

1097 1887 1268 1946 invisibilium
1285 1892 1338 1948 lide
1358 1895 1462 1962 vivere;
1479 1897 1577 1967 etipse
1597 1897 1719 1957 timorem
1735 1902 1815 1958 istum
1831 1905 1890 1960 sol·

1095 1993 1171 2039 reret
1184 1986 1353 2055 suscipiendo
1366 1990 1438 2059 quod
1450 1991 1601 2059 timebatur,
1612 1994 1658 2064 qui
1673 1996 1768 2051 timore
1780 1996 1889 2053 sublato

1095 2076 1197 2132 donum
1210 2079 1275 2136 dare
1290 2090 1395 2150 poterat
1409 2083 1556 2141 ebaritatis.
1571 2086 1625 2142 Nee
1641 2088 1668 2142 in
1677 2087 1729 2144 boc
1742 2090 1814 2160 quod
1826 2107 1890 2146 ma-

1096 2167 1208 2225 ledictus
1221 2180 1263 2226 est
1276 2172 1426 2242 appellatus
1439 2174 1484 2245 qui
1496 2176 1595 2246 pendet
1608 2178 1635 2231 in
1645 2176 1727 2249 ligno,
1742 2188 1887 2237 contume-

1095 2260 1131 2315 lia
1145 2261 1173 2316 iu
1184 2262 1324 2319 Dominum
1337 2266 1453 2336 putanda
1464 2276 1515 2321 est.
1531 2266 1572 2322 Ex
1584 2278 1658 2338 parte
1670 2270 1767 2341 quippe
1780 2273 1889 2327 mortali

1095 2356 1224 2427 pependit
1235 2357 1264 2412 in
1277 2358 1349 2430 ligno
1364 2378 1371 2414 :
1385 2361 1534 2417 mortalitas
1546 2370 1636 2417 autem
1649 2363 1720 2418 unde
1733 2364 1778 2429 sit,
1792 2371 1887 2421 nolum

1095 2455 1137 2501 εει
1148 2448 1318 2504 credentibus
1330 2468 1337 2518 ;
1354 2466 1387 2506 ex
1398 2466 1476 2521 poena
1486 2451 1583 2524 quippe
1596 2462 1647 2519 est,
1661 2461 1688 2509 et
1699 2453 1890 2511 maledictione

1095 2539 1217 2607 peecati'
1231 2539 1310 2610 primi
1322 2539 1453 2611 bominis,
1468 2544 1691 2614 quemdominus
1715 2548 1843 2617 suscepit,
1858 2554 1890 2603 et

1095 2639 1204 2699 peecata
1216 2642 1307 2688 nostra
1328 2636 1437 2705 pertulit
1454 2635 1482 2691 in
1495 2650 1607 2707 corpore
1624 2654 1674 2695 suo
1691 2651 1772 2711 super
1785 2640 1890 2711 lignum

1096 2720 1118 2790 (l
1131 2720 1203 2776 Petu.
1218 2740 1247 2792 ιι,
1258 2724 1315 2797 tt).
1326 2724 1355 2782 Si
1365 2742 1428 2799 ergo
1437 2725 1579 2797 diceretur,
1595 2730 1665 2786 Mors
1677 2731 1818 2788 maledicta
1829 2743 1889 2799 est;

1095 2828 1175 2869 nemo
1194 2815 1396 2874 exhorresceret
1411 2838 1419 2875 :
1434 2820 1498 2892 quid
1514 2832 1603 2878 autem
1622 2824 1673 2879 nisi
1686 2840 1760 2881 mors
1783 2826 1892 2883 bantini

1096 2906 1220 2975 pependit
1233 2911 1259 2962 in
1280 2908 1368 2980 ligno,
1393 2918 1422 2965 ut
1440 2921 1554 2969 mortem
1573 2916 1712 2971 moriendo
1725 2919 1890 2987 superaret?

1096 2998 1189 3054 eadem
1203 3000 1282 3071 igitur
1294 3001 1444 3069 maledieta,
1459 3022 1518 3076 quae
1529 3008 1598 3062 vieta
1608 3015 1658 3064 est.
1670 3009 1736 3064 Ιιειιι
1748 3011 1771 3065 si
1782 3010 1889 3067 dicere-

1096 3100 1157 3160 tur,
1184 3092 1321 3151 Peccatum
1345 3097 1514 3153 maledietum
1528 3080 1593 3168 ἐει;
1618 3116 1697 3156 nemo
1721 3103 1888 3160 miraretur:

1095 3184 1158 3253 quid
1173 3193 1261 3241 autem
1275 3188 1401 3257 pependit
1418 3189 1444 3243 in
1458 3190 1544 3261 liguo,
1565 3192 1616 3247 nisi
1631 3203 1767 3264 peceatum
1784 3196 1888 3251 veteris

1095 3273 1229 3340 bortrinis,
1255 3278 1327 3347 quod
1345 3278 1474 3337 Dominus
1498 3298 1548 3353 pro
1570 3284 1647 3341 nobis
1666 3287 1694 3340 in
1716 3287 1773 3357 ipsa
1794 3288 1887 3343 carnis

1094 3366 1255 3422 mortalitate
1274 3371 1409 3441 suscepit?
1425 3372 1502 3429 Unde
1525 3389 1574 3430 ιιεε
1599 3376 1703 3432 erubuit
1724 3394 1776 3433 nec
1800 3378 1891 3434 timuit

1094 3456 1238 3526 Apostolus
1250 3459 1358 3529 dicere,
1384 3472 1521 3532 peccatum
1539 3481 1600 3520 eum
1617 3468 1712 3523 iecisse
1726 3487 1775 3539 pro
1786 3471 1888 3539 nobis,

1094 3545 1211 3616 addens,
1236 3548 1270 3604 Ul
1283 3551 1314 3604 de
1335 3562 1435 3621 peccato
1452 3556 1631 3612 condernnoret
1652 3570 1781 3629 peccatum
1794 3560 1886 3635 (dont.

1093 3651 1158 3706 vm,
1172 3639 1213 3710 5).
1235 3639 1294 3696 Non
1314 3644 1385 3699 enim
1397 3654 1425 3700 ει
1436 3657 1513 3702 retus
1526 3646 1606 3703 bomo
1620 3659 1710 3705 noster
1728 3652 1809 3708 simul
1822 3670 1887 3711 cru-

1094 3729 1263 3800 cifigeretur,
1284 3733 1352 3790 sicut
1364 3734 1436 3792 idem
1457 3739 1593 3808 apostolus
1614 3741 1676 3795 alibi
1689 3740 1770 3810 dicit,
1791 3746 1844 3800 uisi
1859 3746 1886 3802 in

1093 3824 1138 3879 illa
1152 3834 1237 3881 morte
1253 3827 1355 3885 Domini
1375 3834 1477 3900 peceati
1491 3836 1575 3890 nostri
1589 3834 1672 3907 ligura
1685 3838 1833 3907 penderet,
1857 3850 1888 3897 ut

1093 3928 1266 3975 evacuaretur
1286 3936 1386 3993 eorpus
1397 3926 1515 3994 peccati,
1534 3937 1564 3983 ut
1576 3928 1644 3985 ultra
1658 3946 1712 3987 arou
1733 3936 1885 3993 serviamus

1092 4017 1201 4078 peccato
1214 4010 1268 4082 (ld.
1282 4030 1308 4068 rr
1318 4057 1326 4082 ,
1338 4014 1376 4088 6).
1390 4016 1420 4097 ln
1434 4019 1509 4089 eujus
1520 4022 1624 4091 peceati
1636 4032 1663 4080 et
1675 4028 1770 4084 mortis
1782 4027 1881 4101 figura,

1092 4098 1172 4155 eliam
1185 4101 1290 4173 Moyses
1303 4104 1330 4165 iu
1351 4121 1442 4165 eremo
1463 4124 1544 4181 super
1561 4112 1660 4185 lignum
1680 4119 1806 4177 exaltavit
1824 4142 1885 4180 ser·

1092 4198 1199 4262 pentem
1211 4194 1304 4266 (Νιιιιι.
1319 4216 1376 4267 ιιι,
1390 4202 1428 4273 ll).
1444 4202 1622 4262 Persuasione
1636 4212 1734 4282 quippe
1746 4220 1885 4286 serpentis

1091 4283 1172 4343 bomo
1187 4288 1213 4344 in
1226 4289 1423 4350 damnationem
1438 4299 1531 4356 mortis
1542 4299 1648 4357 eccidit.
1665 4303 1759 4379 ltaque
1771 4326 1887 4381 serpens

1091 4375 1125 4430 ad
1135 4378 1352 4449 significationem
1364 4385 1446 4457 ipsius
1455 4394 1558 4460 mortis,
1570 4399 1760 4455 convenienter
1768 4402 1796 4457 in
1810 4403 1887 4473 ligno

1090 4473 1220 4529 exaltatus
1232 4483 1273 4530 est
1289 4494 1296 4531 ι
1311 4477 1339 4533 in
1350 4480 1394 4535 illa
1409 4482 1481 4541 enim
1503 4484 1586 4556 ligura
1601 4504 1674 4545 mors
1692 4493 1798 4549 Domini
1817 4512 1887 4567 pen-

1090 4560 1169 4619 debat
1180 4566 1206 4620 in
1219 4566 1300 4637 ligno.
1321 4570 1384 4637 Quis
1398 4583 1486 4630 autem
1500 4577 1673 4648 abhorreret,
1689 4598 1712 4637 ει
1727 4584 1879 4657 diceretur,

1090 4652 1244 4712 Maledictus
1266 4674 1376 4731 serpens
1397 4666 1442 4735 qui
1462 4668 1559 4737 pendet
1573 4670 1600 4724 in
1621 4671 1713 4741 lignei
1735 4676 1769 4730 Et
1789 4688 1886 4737 tarnem

1089 4757 1203 4804 mortem
1216 4754 1304 4808 carnis
1316 4754 1419 4812 Donrini
1434 4763 1605 4833 praefigurans
1624 4782 1737 4839 serpens
1748 4772 1890 4841 pendebat

1090 4837 1116 4893 in
1130 4840 1212 4910 ligno,
1228 4844 1271 4898 eui
1283 4859 1449 4906 sacramento
1464 4854 1521 4923 ipse
1534 4856 1815 4933 [temtans-attestans
1829 4878 1887 4935 est,

1090 4928 1182 4987 dicens
1198 4950 1205 4987 ι
1222 4934 1296 4989 Sicut
1315 4942 1434 4995 recitauit
1453 4943 1554 5017 Moyseo
1574 4962 1713 5019 serpentem
1733 4956 1761 5010 in
1785 4974 1887 5030 ειειιιο,

1089 5025 1125 5078 ita
1137 5028 1244 5082 exaltari
1257 5042 1354 5099 oportet
1365 5033 1463 5091 Filium
1476 5038 1583 5096 ltorninia
1594 5056 1774 5114 superterram
1786 5050 1887 5122 (Joare.

1090 5130 1133 5182 ιιι,
1155 5118 1212 5189 tl).
1234 5119 1294 5176 Non
1316 5124 1385 5179 enim
1399 5136 1427 5181 et
1440 5126 1490 5184 boe
1512 5130 1539 5185 in
1560 5138 1748 5194 contumeliam
1772 5142 1890 5203 bantini

1090 5205 1198 5279 Moysen
1219 5208 1314 5267 iecisse
1340 5215 1435 5285 aliquis
1457 5220 1566 5291 dixerit,
1591 5242 1650 5282 eum
1677 5240 1777 5287 tarnum
1799 5235 1827 5290 in
1850 5254 1891 5296 ea

1089 5313 1168 5356 eruce
1183 5303 1295 5359 salutem
1309 5305 1446 5365 bominum
1461 5327 1521 5369 esse
1533 5329 1715 5390 cognosceret,
1729 5336 1760 5379 ιιι
1774 5342 1827 5384 non
1842 5331 1890 5387 ob

1090 5392 1161 5450 aliud
1174 5394 1208 5451 ad
1222 5396 1280 5467 ejus
1293 5399 1418 5457 indicium
1437 5419 1587 5478 serpentem
1598 5413 1671 5470 illum
1685 5419 1789 5491 erigere
1801 5421 1893 5492 jube·

1090 5493 1131 5540 ret
1143 5526 1150 5553 ,
1164 5487 1215 5542 nisi
1230 5498 1258 5543 ut
1272 5505 1332 5546 euru
1355 5493 1488 5553 intuentes
1508 5502 1552 5571 qul
1573 5510 1656 5564 morsi
1674 5527 1689 5565 a
1708 5515 1891 5583 serpentibus

1090 5654 1094 5677 2
1122 5620 1211 5681 ¹ratiti,
1222 5622 1508 5695 praesidianteliustns,
1519 5635 1630 5698 mamad.
1890 5665 1896 5698 a

1122 5682 1218 5730 ιειιιιίι
1232 5692 1269 5733 aa
1279 5688 1446 5755 ρειιεειιὲρρε
1457 5702 1492 5745 ast
1507 5702 1530 5747 et
1545 5698 1682 5752 maledictio
1699 5708 1801 5768 uocati.
1822 5716 1896 5765 llas.

1090 5740 1157 5803 duo,
1179 5748 1203 5793 et
1219 5745 1347 5799 nmbdbto
1368 5761 1472 5815 peccata.
1494 5763 1554 5807 ιιειιι
1570 5759 1627 5821 duo,
1639 5764 1763 5818 ειαιειιίιε·
1772 5781 1899 5841 peccare,-

1091 5804 1319 5922 ddidsaseaoddcrddc'dh'
1332 5817 1417 5870 etttos
1427 5820 1638 5913 ειιιιιειιιειιοιεω
1652 5831 1716 5895 ttss,
1732 5836 1758 5883 et
1776 5831 1886 5890 maledi
