4000 6359
125 308 191 371 lb„
729 308 935 371 antestitis
952 310 1035 371 xitl
1058 312 1174 373 (ΙΑΡΙΙΙ
1184 312 1218 373 Ι.
1695 322 1766 384 tillo

125 444 184 495 uuo,
198 441 280 499 quem
301 427 386 487 etiam
409 428 467 503 ipse
480 442 591 487 servans
613 430 723 489 uuitatls
748 430 918 503 mysterium,
972 426 1214 500 significationibus
1226 430 1372 502 pascimur,
1387 430 1463 491 ulad
1475 432 1605 505 resipaas
1618 435 1766 507 perdurans

123 527 193 583 sieut
216 524 383 595 praelocutus
402 518 480 593 ‘sum
505 525 539 585 de
562 533 601 581 tot
623 524 809 596 languentibus
834 538 918 581 uuum
972 528 1014 577 lca
1036 524 1178 593 pertenire
1201 524 1346 597 poseium.
1369 524 1491 597 Operarii
1518 527 1590 583 enim
1613 541 1715 599 sumas,
1735 538 1764 588 et

122 632 216 673 sanare
228 616 418 688 dignatusest
439 616 541 675 inuenit
560 618 587 672 iu
604 616 681 673 annis
702 616 759 687 eius
774 632 916 673 numerum
971 616 1059 673 adbuc
1081 617 1108 673 in
1126 618 1204 673 sines
1226 618 1377 675 laboramus
1393 637 1401 676 ε
1417 618 1493 675 dnitu
1506 620 1561 689 die,
1577 620 1652 679 linito
1670 637 1763 691 opere,

121 708 264 785 quemdam
285 708 422 783 languoris
437 726 443 765 :
460 708 575 782 Tripinto
594 720 650 765 octo
671 726 750 767 unnos
770 708 877 764 babebat
890 708 917 763 in
971 724 1075 766 merces
1088 712 1252 769 restituetur.
1274 711 1327 768 Sed
1349 713 1410 783 quis
1428 714 1565 783 operarius
1584 713 1711 786 perdurat
1730 713 1764 770 ad
1856 777 1860 783 ,

121 804 276 872 infirns'tcte.
292 803 343 861 llic
361 818 487 862 numerus
499 802 633 874 quomodo
651 802 734 874 magis
752 801 785 857 ad
806 801 917 873 languo-
969 800 1151 871 accipiendam
1171 802 1334 869 mercedem,
1348 802 1400 859 nisi
1420 805 1465 875 qui
1485 804 1602 875 pascitur
1612 820 1673 862 cum
1687 806 1764 863 labo·

119 895 429 967 temperamentorum
447 894 481 953 ad
494 896 646 963 multarem,
667 895 746 966 paulo
761 894 915 965 diligentius
969 891 1029 947 rati
1042 890 1100 950 Non
1127 892 1198 949 enim
1220 902 1248 949 et
1266 902 1295 950 tu
1313 896 1435 965 operario
1457 905 1503 952 tuo
1515 898 1665 955 mercedem
1679 900 1764 957 solam

120 987 311 1058 exponendum
321 997 373 1045 est.
394 987 511 1045 lntemos
525 1003 573 1043 vos
585 988 660 1053 rolo;
675 986 760 1041 aderit
775 986 914 1055 Dominus,
969 982 1081 1039 daturus
1090 998 1120 1041 es
1131 1002 1139 1039 :
1151 1000 1203 1039 aron
1215 985 1295 1041 etiam
1305 985 1401 1043 ederes
1410 987 1449 1041 illi
1459 988 1530 1043 unde
1540 988 1611 1045 uires
1620 1000 1727 1061 reparet
1736 991 1763 1047 iu

120 1092 146 1139 ol
157 1098 280 1154 congrum
302 1082 408 1153 loquar,
429 1090 457 1141 el
477 1081 640 1139 sufficienter
651 1080 774 1138 audiatis.
796 1079 916 1148 Quadra·
970 1073 1080 1131 laborel
1105 1075 1196 1133 Pascis
1224 1078 1314 1147 ratique
1337 1078 1379 1133 cui
1404 1080 1558 1135 mercedem
1587 1080 1697 1138 daturus
1721 1096 1762 1141 cs.

119 1174 246 1245 senarius
259 1190 388 1233 numerus
408 1182 528 1231 sacratus
548 1173 625 1229 nobis
643 1173 669 1227 in
690 1172 804 1245 quadani
826 1171 916 1242 perlo-
969 1168 1085 1227 Proinde
1100 1180 1189 1227 etrtos
1204 1172 1333 1232 Dominus
1350 1172 1448 1230 inistis
1465 1174 1661 1245 scripturarum
1679 1175 1764 1247 signal·

119 1266 207 1323 ctione
228 1265 443 1321 commendatur.
457 1264 555 1321 Notum
576 1278 636 1321 esse
649 1264 764 1321 arbitror
785 1260 915 1319 chamati
968 1259 1136 1319 lectionibus
1148 1262 1299 1320 laborantes
1317 1265 1410 1335 pascit.
1429 1265 1495 1321 llam
1515 1266 1538 1321 si
1550 1267 1600 1321 ista
1614 1267 1765 1339 intelligen-

118 1367 239 1415 aestrae:
257 1356 658 1428 testantursaepissimedivinae
670 1354 825 1425 scripturae.
840 1352 915 1423 leiu·
968 1349 1063 1408 doram
1085 1363 1312 1435 sacramentppuur
1336 1354 1427 1411 laetitia
1445 1356 1651 1413 subtrabatura
1674 1357 1763 1424 nobit,

119 1450 191 1507 mum
213 1448 268 1506 bue
290 1464 403 1507 numero
425 1458 609 1505 consecratum
635 1455 677 1505 eal
697 1466 703 1503 :
727 1447 795 1503 bene
818 1445 914 1501 nostis
943 1442 1114 1501 'deliciosus
1133 1445 1160 1501 in
1184 1445 1285 1514 labore,
1301 1454 1329 1503 et
1350 1462 1405 1503 uou
1429 1448 1482 1504 erit
1502 1448 1550 1519 qui
1570 1449 1708 1520 perveniat
1727 1448 1763 1506 ad

117 1542 184 1597 Nam
203 1550 232 1597 et
254 1541 359 1613 llnyses
381 1540 554 1613 quadraginta
569 1539 802 1611 diebusieiunavit
816 1534 913 1609 (Eroti.
967 1535 1132 1593 mercedem.

118 1650 208 1701 xasrr,
231 1632 296 1707 ΙΙΙ),
316 1641 344 1689 ει
366 1633 441 1691 Elias
460 1634 568 1691 tolidem
591 1632 636 1706 (ΙΙΙ
661 1634 725 1704 Rea.
750 1649 803 1701 sta,
827 1630 866 1701 8),
887 1638 916 1687 ει
1003 1628 1030 1685 b.
1050 1629 1190 1698 Quomodo
1210 1645 1275 1703 erge
1300 1630 1512 1704 quadragenario
1531 1649 1646 1693 numero
1658 1634 1764 1707 perdri-

118 1725 174 1794 ipse
190 1725 322 1779 Dominus
337 1733 428 1781 noster
441 1734 468 1779 et
483 1726 599 1781 saltator
619 1722 697 1781 lesus
710 1724 831 1781 Christus
844 1722 915 1779 bunc
968 1730 1011 1779 lur
1029 1722 1116 1791 opusl
1130 1722 1256 1779 Fortasse
1274 1722 1346 1791 ideo,
1361 1726 1422 1795 uuis
1441 1724 1497 1781 Lea
1516 1724 1650 1783 indecem
1664 1742 1764 1796 prmce·

115 1815 211 1887 ieiunii
225 1832 368 1873 numerum
380 1816 499 1888 implevit
509 1816 616 1883 (ΙΙιιιΙι.
632 1832 668 1883 ιι,
683 1813 723 1889 Ι).
739 1816 792 1871 Per
805 1815 914 1887 ltnnysen
967 1814 1020 1883 ptis
1033 1813 1095 1870 dala
1109 1821 1161 1880 est,
1176 1824 1204 1871 cl
1218 1830 1266 1884 per
1279 1823 1364 1871 lotum
1377 1814 1505 1871 muudum
1523 1815 1764 1887 praeesumeret

117 1906 280 1977 significatur
301 1906 368 1976 bes,
383 1924 433 1977 per
455 1908 539 1963 Elium
560 1907 743 1979 significantur
762 1906 913 1977 Prophetes,
967 1902 1023 1959 Lex
1039 1922 1047 1957 z
1061 1904 1106 1974 qui
1122 1912 1193 1961 tutus
1213 1906 1329 1961 mulidus
1348 1887 1604 1978 quatuor'partibus
1623 1922 1763 1963 commen·

118 2014 164 2069 per
187 1997 333 2054 [lominum
353 1997 518 2069 signillcatur
537 1998 723 2070 stengelium.
738 1998 800 2053 ideo
820 1999 847 2053 iu
869 1998 915 2053 iilo
966 1994 1055 2061 datur,
1078 1995 1187 2051 Oriente
1205 2007 1233 2051 et
1254 1995 1407 2065 Occidente,
1434 1997 1544 2055 Meridie
1565 2008 1593 2054 el
1617 1999 1762 2070 Aquilone,

117 2101 210 2149 monte
236 2102 292 2148 tres
316 2101 504 2163 apparuerunt,
520 2094 565 2151 ubi
586 2108 615 2149 se
636 2093 774 2163 discipulis
799 2090 917 2149 ostendit
968 2086 1038 2141 unde
1052 2086 1178 2141 denarius
1194 2089 1582 2159 perqttalttormitlliplicalus,
1596 2087 1631 2144 ad
1644 2090 1763 2161 quadiu·

117 2182 143 2237 in
163 2183 389 2241 claritateuultns
401 2185 520 2241 etrestis
532 2199 597 2241 suas.
619 2186 750 2255 Apparuit
767 2184 840 2241 enim
858 2199 915 2241 me·
967 2179 1107 2249 senarium
1127 2181 1256 2249 pertenit.
1277 2180 1325 2236 liet
1345 2181 1408 2252 quia
1428 2197 1478 2253 per
1499 2182 1672 2253 Euangeliuur
1692 2182 1763 2253 quod

117 2274 175 2331 dns
187 2274 261 2331 inter
276 2275 386 2348 Meysen
402 2283 428 2331 et
442 2274 527 2332 litiani
545 2275 600 2347 ill.
617 2292 680 2342 xnnn,
700 2275 771 2349 tc),
792 2284 915 2347 unquam
968 2279 1083 2341 quatuor
1104 2271 1186 2327 libros
1209 2270 1299 2337 balet,
1320 2272 1446 2343 inpletur
1465 2272 1521 2329 Lea
1534 2291 1542 2329 ε
1553 2274 1614 2345 quta
1630 2275 1658 2329 in
1676 2274 1764 2331 seun-

117 2367 305 2439 lirangcliutn,
319 2368 498 2423 testimonium
514 2368 624 2425 liaberet
643 2384 659 2423 a
674 2368 744 2445 Lege
756 2376 784 2423 et
797 2368 917 2438 Proplrb·
967 2364 1039 2435 sselio
1058 2364 1159 2423 dictum
1174 2374 1225 2430 est,
1241 2366 1302 2420 Non
1320 2367 1376 2421 ceni
1397 2366 1493 2424 misere
1508 2365 1610 2437 decem,
1622 2368 1667 2423 aed
1679 2368 1764 2423 odim·

119 2458 152 2515 tis
165 2458 257 2530 (Rom.
271 2476 313 2528 nr,
325 2458 384 2533 ΞΙ).
397 2460 458 2517 Sive
471 2475 536 2533 ergo
546 2459 574 2517 in
587 2460 669 2533 Lege,
679 2461 736 2517 site
749 2462 777 2517 in
796 2461 917 2532 Prophe·
970 2454 1152 2527 plneillultn.
1163 2459 1257 2529 u,ll).
1268 2457 1332 2513 Sive
1344 2472 1408 2529 ergo
1419 2458 1474 2524 illa,
1486 2458 1764 2527 circumcursantes

119 2554 161 2619 lis,
177 2554 238 2609 aive
259 2552 286 2609 in
308 2552 464 2624 Evangelio,
486 2552 711 2625 quadragenarius
724 2568 852 2609 numerus
867 2567 917 2609 tro·
969 2547 1021 2601 ³¹5²
1033 2548 1121 2618 aliqua
1132 2548 1322 2619 Pl'0b2bffi0l02
1338 2564 1457 2620 (Ιῑῑῖθῐὶθθ
1475 2550 1550 2617 latet,
1564 2548 1764 2605 ‘mimmii

119 2644 159 2699 bis
172 2644 199 2701 iu
209 2644 314 2715 ieiunio
324 2644 535 2701 commendatur.
545 2644 681 2715 ieiunium
692 2652 781 2701 autem
792 2659 917 2715 magnum
970 2638 1050 2705 llleli
1063 2648 1166 2695 stillim
1179 2648 1221 2697 esi
1233 2650 1321 2695 limen
1333 2640 1543 2711 disdrstsbsritl
1556 2656 1668 2695 numero
1681 2640 1765 2711 lissi·

119 2746 146 2792 et
159 2716 289 2809 generile
309 2745 359 2805 eat,
375 2737 511 2793 abstinere
530 2736 565 2793 ab
584 2737 764 2807 iniquitatibus
778 2745 806 2793 el
818 2735 918 2791 illicitis
970 2728 1044 2785 licari
1057 2728 1199 2800 quamdam
1215 2729 1406 2800 perlectionem
1421 2730 1448 2785 in
1467 2729 1594 2800 operibus
1605 2729 1694 2799 bouis,
1705 2744 1766 2801 oue

119 2829 302 2900 notuputibos
327 2829 418 2885 saeculi
438 2827 509 2900 quod
532 2837 573 2885 est
593 2826 740 2899 perlectum
757 2827 886 2898 ieiunium
908 2843 917 2882 r
970 2821 1086 2876 maxime
1105 2837 1187 2892 opera
1204 2821 1273 2877 bona
1290 2830 1448 2877 exercentur
1470 2822 1497 2877 in
1518 2821 1677 2877 abstinentia
1696 2836 1766 2892 qua

120 2934 148 2977 at
179 2922 337 2995 obrepenter
361 2923 515 2992 innpietinem
538 2932 562 2977 er
589 2922 723 2980 mentam
748 2920 917 2991 cupidines,
969 2912 1033 2968 dam
1051 2914 1086 2970 ab
1099 2913 1198 2969 illicitis
1210 2913 1398 2983 cupiditatibus
1415 2914 1541 2983 ‘smenli
1555 2913 1670 2979 beccel,
1682 2929 1766 2985 gens·

121 3024 302 3085 temperanter,
318 3020 341 3067 et
359 3014 437 3083 juste,
458 3021 481 3067 et
504 3014 545 3085 pie
565 3014 677 3070 dromus
698 3014 725 3067 in
746 3014 794 3067 boc
813 3014 917 3069 mento.
970 3005 1021 3061 rarii
1032 3004 1145 3076 ieiunio.
1159 3006 1227 3061 sudi
1251 3006 1448 3076 etbpostclum
1469 3006 1614 3075 diceolem,
1628 3006 1766 3064 Plenitudo

121 3105 190 3160 lluit·
201 3104 307 3176 jejunio
328 3120 407 3175 utram
431 3103 581 3161 mercedem
602 3103 676 3159 addit
692 3102 852 3173 Apostolus?
867 3102 919 3159 Se·
970 3096 1047 3169 Leria
1069 3098 1181 3155 elamat
1202 3096 1291 3171 (uon.
1314 3114 1371 3162 llll,
1393 3096 1450 3172 ΙΙΙ).
1464 3097 1588 3155 ebaritas
1609 3099 1702 3158 stads?
1715 3099 1768 3157 Par

120 3196 223 3267 quitur,
238 3204 267 3251 et
285 3192 370 3251 dicit:
385 3193 567 3263 despectantes
588 3194 659 3249 illurn
682 3192 780 3249 brutum
800 3210 880 3265 apem,
895 3201 920 3249 el
970 3192 1083 3261 gratiam
1102 3190 1161 3258 Ilei,
1174 3206 1223 3260 per
1235 3190 1365 3260 Spiritum
1382 3188 1584 3247 sancumlton
1597 3190 1669 3245 euim
1683 3190 1767 3248 baba·

121 3286 353 3357 mensurationes
375 3286 463 3357 pierius
484 3286 550 3341 leod
574 3284 631 3350 cel,
644 3294 668 3339 et
688 3285 821 3341 mluutcris
839 3284 920 3341 nostri
971 3297 1062 3339 remus
1083 3282 1156 3339 illam
1178 3296 1214 3338 ex
1232 3281 1320 3349 nobis,
1335 3281 1412 3353 quasi
1435 3280 1565 3340 lacieules
1585 3282 1659 3339 illam
1677 3281 1766 3340 uobis.

121 3379 185 3435 lesan
206 3378 303 3435 citrini
327 3376 391 3452 (Tit.
417 3394 447 3446 rr,
470 3377 514 3443 ts,
538 3376 595 3450 tl).
617 3376 647 3431 ln
668 3376 720 3433 boc
743 3392 807 3449 ergo
821 3375 920 3434 amenio
971 3372 1132 3429 lleidonum
1147 3381 1198 3440 est,
1219 3383 1247 3428 et
1265 3388 1389 3444 magnum
1402 3372 1502 3431 donum
1516 3390 1525 3427 t
1538 3373 1666 3439 οιειᾰεει
1678 3372 1767 3429 elon·

122 3472 198 3543 qussi
217 3470 455 3543 Qusdmgesimam
478 3470 644 3527 abstinentiae
663 3468 840 3535 celebramus,
859 3482 919 3525 eum
972 3476 1012 3523 tar
1026 3467 1085 3534 rtet,
1101 3467 1196 3537 inquil,
1214 3465 1311 3534 diliana
1326 3467 1400 3522 satin
1411 3466 1635 3521 cndibaanoatria
1646 3480 1694 3536 per
1706 3464 1769 3535 spl-

122 3562 192 3619 bcue
215 3563 343 3628 risimus,
365 3577 427 3617 cum
451 3561 485 3619 ab
509 3560 691 3631 iniquitatibus
715 3568 743 3617 el
765 3560 799 3615 ab
821 3559 921 3615 illicitis
971 3560 1049 3615 ritune
1061 3569 1177 3614 tonstrua
1193 3558 1236 3629 qai
1256 3559 1331 3613 detta
1346 3567 1383 3612 est
1395 3557 1468 3611 nobis
1481 3555 1539 3627 (lt.
1550 3571 1580 3621 r,
1590 3553 1630 3627 bi.
1645 3555 1768 3611 ebaritas

122 3655 305 3727 rnluputibm
326 3654 501 3711 monemus.
527 3651 580 3709 Sed
601 3654 663 3723 qaia
684 3652 742 3707 bae
761 3650 921 3707 obstinantia
972 3664 1036 3721 erpo
1050 3649 1144 3719 implet
1163 3649 1272 3718 tegeor,
1292 3656 1320 3703 el
1336 3647 1476 3704 uerissime
1490 3644 1592 3699 diuum
1609 3654 1662 3713 est,
1675 3644 1767 3699 Pleni·

123 3750 182 3807 aiue
206 3747 334 3805 mercede
357 3764 411 3803 nou
435 3748 496 3815 erit,
518 3754 704 3817 exspectamus
730 3744 828 3800 Ιεειιιιιι
849 3744 921 3799 illem
973 3734 1767 3811 todobepisrlrrritoa.0borramuabauocbaritateru,qoem·

124 3858 206 3913 spart,
228 3849 255 3897 el
274 3840 450 3896 resolutionem
464 3838 552 3912 plcriet
570 3838 656 3909 mnprrt'
675 3834 734 3901 llet',
753 3846 776 3891 et
789 3834 922 3891 tabularis
972 3830 1116 3888 admodum
1141 3830 1375 3887 'commendatur
1407 3825 1571 3883 ιιΙΙειιιΙιιε.
1607 3824 1767 3883 ΙΙειιιειιιοιε

124 3934 206 3991 nostra*
223 3934 287 3989 bers
304 3933 408 3989 dirisi.
424 3932 453 3988 ln
466 3932 514 3989 illa
526 3946 583 4003 spe,
604 3946 665 3987 com
681 3929 758 3987 luerit
771 3929 805 3985 de
818 3942 866 3997 spe
881 3928 921 3984 la·
973 3922 1037 3993 quid
1051 3922 1255 3994 proposuerim:
1269 3934 1409 3977 rnunrerum
1424 3918 1532 3990 triginta
1552 3926 1614 3977 octo
1634 3932 1766 3976 ausorum

124 4036 166 4081 eta
190 4039 247 4093 res,
261 4024 397 4095 accepturi
419 4037 511 4079 suanus
532 4020 682 4079 mercedem
702 4019 850 4077 tonarium.
863 4018 922 4089 ipsa
973 4018 1001 4075 in
1024 4018 1070 4075 illo
1092 4016 1216 4088 languido
1237 4016 1300 4072 volo
1320 4027 1562 4085 exponere,‘quare
1575 4025 1703 4069 nomem
1722 4011 1768 4069 ille

123 4118 198 4173 etaim
213 4130 321 4172 merces
333 4113 454 4171 redditur
465 4113 594 4184 operariis
607 4112 633 4167 iu
648 4111 726 4167 tima
738 4109 922 4167 laborantibus
974 4112 1127 4183 trigesimos
1143 4118 1252 4167 octartts
1264 4107 1400 4179 languoris
1412 4108 1448 4163 sit
1465 4107 1553 4179 potius
1570 4121 1652 4177 uuam
1666 4104 1767 4161 sanita·

123 4208 273 4265 arcnudum
288 4206 463 4277 Euangeliou
484 4204 589 4278 (ilottd.
610 4218 657 4271 ss,
674 4202 702 4270 l,
719 4202 775 4274 ΙΙΙ),
789 4200 860 4271 quod
874 4214 922 4255 tos
958 4205 1019 4261 tin.
1038 4204 1119 4274 Ergo,
1140 4212 1168 4257 ut
1188 4200 1319 4263 dicebam.
1342 4198 1458 4255 ebaritas
1478 4196 1571 4267 implet
1590 4197 1700 4268 Legem.
1723 4194 1768 4253 Ad

123 4302 206 4359 eredo
221 4298 361 4357 reminisci
377 4315 384 4353 :
398 4297 570 4369 nequeenim
584 4293 674 4350 omnia
688 4290 922 4350 comninemurnnda
974 4294 1166 4368 plenitudinem
1176 4293 1255 4364 Legis
1264 4289 1559 4360 incranibuseperibas
1572 4290 1688 4359 perum
1699 4302 1768 4358 qm.

123 4403 198 4463 aurat,
213 4404 343 4465 unquam
365 4392 476 4449 rudibus
496 4398 524 4447 et
544 4388 684 4459 imperilia.
708 4387 840 4443 neutrius
858 4399 922 4457 crgo
974 4388 1148 4461 dragenarius
1162 4401 1290 4443 numerus
1306 4385 1353 4441 :in
1372 4384 1502 4441 claritate
1521 4392 1610 4439 autem
1631 4382 1685 4438 dato
1700 4396 1770 4453 prte-

123 4490 168 4559 qtri
183 4489 291 4559 mepit
305 4494 551 4544 nomenanumero
562 4480 807 4550 deceta,redditur,
822 4488 924 4535 etcon·
973 4491 1051 4551 cepta
1074 4480 1151 4535 nobis
1172 4476 1407 4534 commendantur.
1430 4474 1583 4543 intuemini,
1605 4474 1729 4541 obsecro,
1741 4480 1770 4529 el

121 4578 454 4653 iuuetusrpuadragenario
468 4572 923 4649 ltquinqusgenariusmndeeum
974 4576 1047 4648 llgite
1073 4572 1213 4631 memorie
1235 4571 1306 4642 quod
1326 4570 1404 4635 dico;
1428 4582 1465 4623 ue
1487 4568 1546 4625 sitis
1570 4575 1770 4636 contemptores

124 4672 219 4731 bbere
228 4668 640 4739 celebramusiiuadragesimam
655 4674 718 4721 ante
729 4662 848 4731 Pasclra3
861 4678 923 4721 eum
974 4667 1058 4731 uerbi,
1074 4681 1109 4721 ne
1127 4665 1175 4719 liat
1196 4664 1285 4718 anima
1303 4670 1392 4717 restra
1406 4658 1459 4725 ria,
1474 4658 1518 4714 ubi
1535 4672 1619 4729 grana
1629 4657 1700 4727 iacta
1712 4670 1767 4711 nos

125 4764 218 4821 letitia
230 4778 308 4831 vero,
329 4770 455 4832 uuquam
476 4768 584 4831 accepta
602 4758 735 4825 mercede,
751 4757 923 4829 Quinquage-
974 4758 1144 4833 germineut:
1160 4754 1312 4822 Etnnrient,
1330 4751 1427 4822 inquit,
1445 4748 1560 4804 volatilis
1574 4748 1642 4814 enti,
1656 4754 1681 4801 et
1695 4743 1769 4799 rolli

125 4857 224 4913 dmsaa
248 4862 310 4925 post
328 4852 441 4909 Pascha.
454 4851 520 4907 Nam
542 4850 603 4907 baie
621 4858 746 4921 unquam
761 4849 870 4905 salutari
882 4848 923 4903 ln·
974 4861 1033 4925 print
1051 4867 1083 4906 en
1099 4848 1195 4921 (llere.
1208 4863 1244 4912 rs,
1258 4844 1297 4914 li.
1311 4843 1452 4913 Percipite,
1465 4849 1495 4897 et
1513 4838 1653 4898 recondite
1665 4839 1693 4893 ln
1705 4849 1768 4891 cor·
1829 4890 1830 4894 ,

124 4945 185 5005 anri
207 4945 274 5003 boui
294 4945 395 5015 operm,
419 4942 465 5016 qui
491 4942 605 5013 pertinet
628 4940 662 4997 sd
684 4940 923 5013 quadragenarium
974 4944 1053 5001 dibus
1066 4942 1174 4999 uestris.
1194 4929 1337 4995 eharitatis
1354 4943 1488 5007 precepta
1503 4932 1559 4989 duo
1575 4928 1770 4988 sualallotni·

124 5050 284 5103 numerum,
304 5035 411 5091 additur
432 5034 529 5107 quesn
549 5041 577 5091 et
595 5032 729 5090 felicitatis
747 5032 882 5101 denarius,
895 5040 925 5091 ιιι
975 5050 1012 5092 no
1032 5031 1218 5089 commendata
1242 5048 1250 5087 a
1273 5028 1371 5100 orteia
1389 5024 1527 5081 Dominam
1544 5023 1629 5079 lleunr
1650 5030 1722 5077 mant
1736 5036 1769 5078 cs

123 5130 373 5205 adnumeremus
385 5128 441 5185 lat.
976 5125 1333 5191 tuscolanensem
1354 5119 1553 5183 emmanuet
1568 5130 1600 5170 ee
1617 5122 1671 5169 tora
1689 5120 1771 5169 menta

158 5226 190 5282 5.
210 5221 376 5295 signnm
400 5220 452 5277 boc
473 5229 501 5277 el
525 5220 583 5292 ipse
604 5217 731 5275 [lominus
744 5218 822 5276 lesus
840 5218 924 5275 mullo
975 5226 1037 5283 ιιιιι,·
1055 5225 1092 5286 ει,
1113 5214 1212 5286 biliosa
1224 5212 1367 5284 proximum
1381 5219 1451 5264 mern
1463 5218 1585 5279 tunquam
1598 5205 1715 5275 ιείριιιει.
1736 5201 1771 5259 ln

124 5318 257 5389 apellius,
288 5315 396 5387 quaudo
420 5324 482 5387 post
504 5314 727 5372 resurrectionem
752 5313 924 5385 quadraginta
976 5309 1016 5363 itia
1037 5307 1137 5362 duobus
1160 5304 1293 5378 preceptis
1317 5312 1370 5358 toto
1392 5301 1448 5357 Les
1472 5299 1563 5371 pendet
1583 5306 1608 5353 el
1633 5294 1773 5368 Propheta

124 5411 225 5469 diebus
247 5418 422 5467 contemtus
436 5416 477 5466 eal
494 5408 521 5465 lu
541 5416 613 5465 terra
629 5422 691 5464 cum
712 5406 848 5476 discipulis
867 5407 923 5461 suia
976 5398 1082 5473 (listris.
1098 5413 1164 5463 ran,
1177 5394 1281 5467 sl-to).
1303 5392 1400 5449 llerito
1417 5390 1502 5447 etilla
1520 5389 1599 5445 uidua
1613 5404 1710 5444 omues
1732 5387 1772 5443 la·

124 5502 194 5574 (Aet.
213 5498 608 5574 1,sl;qmtraieatnnauteu
630 5498 673 5555 dle
686 5512 747 5555 cum
758 5496 925 5553 ascendisset
975 5490 1173 5553 cultateaauas,
1195 5486 1249 5550 duo
1274 5485 1374 5539 minuta
1395 5482 1468 5539 misit
1488 5480 1516 5536 in
1535 5481 1606 5537 urna
1627 5480 1674 5537 bei
1694 5478 1770 5550 (dec.

124 5596 151 5653 'sa
176 5594 428 5665 coeluus,.peraclis
447 5592 540 5649 decern
565 5592 660 5648 diebus
682 5590 754 5646 misit
773 5589 923 5647 mercedem
975 5596 1031 5649 aar,
1045 5578 1107 5650 sti
1121 5579 1239 5638 :merito
1252 5586 1281 5633 et
1303 5591 1353 5647 prn
1373 5574 1420 5629 illo
1440 5574 1566 5646 languido
1585 5588 1602 5629 a
1621 5571 1769 5631 terrentius

124 5688 245 5759 Spiritus
258 5686 343 5743 sancti
360 5682 418 5759 (lt.
434 5700 463 5753 ιι,
485 5685 557 5757 ll).
572 5683 724 5755 signiticata
741 5690 804 5739 sunl
824 5682 883 5748 iste,
897 5690 925 5738 et
1007 5718 1094 5778 ,mv
1105 5712 1269 5779 mmm
1664 5664 1668 5668 ’

124 5780 290 5851 quibusdam
308 5775 599 5851 sitailmionibusres
616 5776 681 5849 ipsun
694 5782 836 5849 preventa
849 5780 922 5831 runt.
1008 5771 1707 5850 snm.,qnnetnnnunoelerttsrt,mearsmtma
1778 5778 1782 5793 ·
