4000 6359
250 300 378 371 moe,
720 307 753 367 ns
770 270 908 367 rollenus
926 308 1160 382 eromenion,
1179 311 1208 368 s.
1229 313 1413 375 nucusnnr
1605 269 1617 319 ³
1706 286 1712 296 ’
1810 326 1879 387 mse

248 415 543 492 antecrescentem
555 414 631 476 Nunc
645 433 708 477 vero
721 420 784 492 quid
795 430 932 492 putamus,
941 421 1038 480 iratres
1093 424 1230 482 Ιιιιιιιιιιιι.
1242 426 1346 485 biiscuit
1357 431 1466 487 elliam
1474 445 1535 489 cum
1545 442 1631 491 terra:
1650 434 1758 493 Verbere
1768 456 1828 498 cere
1839 448 1880 514 fe·

249 506 312 563 lluie
328 508 441 579 tempori
452 522 611 581 conqmere,
625 510 675 567 nlsi
686 511 757 582 quod
778 526 872 567 mrsus
885 512 913 567 ln
931 512 1038 569 Psalmo
1091 523 1243 583 cesareae
1253 518 1373 575 nesam
1385 522 1493 579 moedis
1504 524 1594 596 (loen.
1601 543 1621 593 ι,
1632 526 1687 601 ll).
1700 530 1806 587 llisenir
1816 536 1881 591 aare

248 596 355 663 dicitur,
367 596 468 654 Ῑιαιιιιο
481 601 646 672 peduculos
654 610 737 657 nectes
747 600 838 656 tectum
851 604 1038 675 neumdecrp-
1090 622 1150 662 sam
1161 623 1222 663 cum
1236 618 1322 678 terra3
1340 611 1401 669 ideo
1411 616 1566 686 praedictum
1580 627 1630 686 est,
1653 619 1749 677 Veritus
1765 623 1798 679 de
1813 636 1882 682 terra

248 689 297 746 mis
308 690 482 747 Maste-utem
492 706 573 747 ereum
581 690 669 764 ripeie
679 691 770 767 (ret.
795 710 838 761 ιι,
850 694 906 765 ill
919 694 970 751 Per
981 694 1039 750 sio·
1089 707 1147 753 orte
1159 708 1195 755 ert
1205 698 1291 775 (Psoi.
1306 718 1415 772 xxxxiv,
1426 705 1470 777 li)
1481 725 1487 761 :
1500 708 1557 778 ipsc
1567 718 1655 766 auem
1664 711 1741 781 dixit,
1756 713 1813 787 qu
1822 734 1880 773 mm

248 780 325 849 gulas
345 788 448 849 noctes,
473 783 574 854 inquit,
588 781 659 839 llebe
677 782 826 840 :desiderio
838 784 904 841 breis
925 783 1037 840 ardebo.
1089 792 1140 860 sie,
1152 793 1275 849 seinse
1286 796 1337 850 site
1349 796 1503 867 ticenum,
1515 799 1683 872 attentato
1701 805 1869 875 perfruemur

249 870 327 929 llidet
340 874 468 931 Dominus
479 874 641 955 desiderium
663 890 767 945 menm;
788 876 912 948 qnoniam
927 876 991 933 dicit
1000 878 1038 933 illi
1089 895 1151 937 cum
1163 883 1307 941 viderimus
1320 886 1389 944 lucie
1399 890 1434 945 ad
1445 888 1632 964 laciem3quia
1644 894 1736 952 etbec
1749 851 1881 969 promitti:

247 963 316 1019 atter
328 965 462 1035 psalmus,
478 964 545 1021 Ante
556 974 625 1022 terat
636 984 710 1022 omne
727 967 880 1024 desideriam
893 984 992 1035 mmm,
1015 977 1039 1023 et
1091 980 1133 1027 tur
1145 974 1232 1031 nobis.
1252 975 1320 1033 iiam
1341 979 1404 1047 quis
1413 982 1524 1039 auderet
1535 998 1645 1053 sperare
1658 987 1729 1057 qued
1743 989 1813 1047 neus
1826 1006 1880 1047 ω,

247 1056 354 1126 pereites
366 1072 437 1112 euos
449 1072 466 1111 e
480 1066 505 1113 te
515 1074 567 1113 nee
582 1068 617 1115 est
633 1058 793 1116 adscenditur
818 1059 909 1133 (Psoi.
925 1075 1037 1127 ιιιιιι,
1089 1061 1213 1133 dignatus
1225 1075 1297 1123 essct
1307 1068 1348 1123 vei
1361 1070 1480 1140 polliceri
1492 1074 1534 1129 sel
1547 1073 1630 1131 darei
1651 1076 1803 1135 Videbimus
1813 1080 1882 1139 iacis

247 1146 313 1219 ιθ).
329 1148 467 1204 Desideras
479 1150 591 1206 aurumi
608 1150 691 1207 rideri
705 1163 799 1223 potcs;
818 1166 940 1222 quaerens
965 1152 1038 1207 enim
1089 1154 1123 1209 ad
1134 1153 1239 1212 faciem.
1252 1158 1395 1229 Apostolus
1405 1161 1470 1218 dicit
1483 1182 1491 1219 z
1506 1163 1583 1221 Nurac
1599 1168 1654 1223 scio
1665 1184 1697 1223 ce
1714 1180 1796 1240 perte,
1810 1189 1881 1228 neec

246 1250 340 1291 aunam
355 1238 752 1296 manilestuserislaominibus.
767 1241 907 1297 Desideras
920 1240 1039 1297 lrumen·
1088 1243 1262 1317 increpitante
1281 1266 1325 1321 per
1342 1254 1481 1321 amatum,
1496 1258 1804 1333 tuaeeuteuieeieeds
1833 1265 1839 1276 “

246 1328 322 1381 ιιιιιιι
335 1327 483 1401 interrogas
496 1331 542 1400 qui
557 1330 668 1399 babeam
681 1333 722 1388 cui
734 1340 761 1388 et
771 1333 881 1402 cupiens
895 1332 1038 1403 pervenire
1089 1332 1112 1405 (l
1124 1333 1184 1391 Ger.
1194 1353 1252 1405 xm,
1266 1338 1321 1409 le).
1332 1340 1492 1399 Ettoannes
1503 1349 1639 1415 apestolus
1650 1348 1675 1402 in
1684 1348 1801 1419 Epistola
1810 1366 1879 1409 sua:

245 1417 278 1473 ad
292 1418 319 1475 id
333 1420 404 1491 quod
414 1422 562 1492 desideras,
573 1424 684 1480 indicas.
699 1424 840 1481 Desideras
854 1425 961 1482 beuml
977 1428 1038 1498 quis
1088 1424 1260 1496 minuerint,
1279 1447 1346 1485 emec
1363 1433 1412 1502 filit
1427 1432 1475 1488 be·
1487 1452 1584 1505 meus,
1599 1440 1746 1497 etmenden
1759 1445 1881 1516 apperuit
1932 1464 1940 1473 ·

244 1507 328 1579 ridet,
341 1510 392 1567 nisi
407 1512 497 1570 beust
517 1513 541 1568 ll
561 1515 696 1585 quoenim
716 1515 786 1587 petis
799 1515 1037 1587 Deum,sicutpa·
1087 1516 1150 1585 qaid
1167 1516 1260 1573 emme
1274 1522 1386 1577 :emus
1400 1524 1461 1592 quie
1479 1542 1537 1580 rum
1559 1529 1717 1599 emeruerit,
1741 1531 1836 1587 desta
1856 1535 1881 1589 ιι

244 1614 322 1669 nem,
335 1602 405 1660 sieut
435 1618 546 1675 aquam,
574 1606 642 1662 siem
658 1622 771 1674 aurum,
794 1606 865 1663 siout
879 1615 1035 1679 argentum,
1088 1606 1466 1677 eietmrqeenieeeidciimsr
1475 1618 1689 1691 eumaiceticstll
1699 1620 1778 1677 ioan.
1788 1639 1828 1693 ιιι,
1836 1624 1879 1696 2).

244 1696 512 1756 sicutirumentumi
530 1701 554 1756 n
574 1716 633 1774 qno
642 1702 712 1773 petis
733 1702 834 1768 bmm,
861 1702 940 1757 misia
961 1702 1037 1757 licei
1088 1696 1151 1755 tter
1171 1710 1214 1757 est
1235 1718 1330 1785 maqna
1350 1706 1506 1775 promissio;
1524 1708 1546 1764 si
1560 1725 1645 1775 amas,
1658 1726 1781 1783 sequere.
1796 1715 1879 1784 Amo,

243 1788 303 1859 lpse
314 1791 413 1862 petitur
424 1808 443 1847 a
462 1792 565 1863 seipso,
581 1794 626 1864 qul
639 1794 769 1865 promittit
790 1794 921 1865 seipsum.
935 1793 1036 1851 Exten-
1087 1790 1189 1862 inquis;
1201 1793 1249 1849 sed
1262 1809 1314 1864 qua
1326 1796 1440 1866 moeri
1452 1798 1479 1854 Si
1489 1799 1601 1855 dixisset
1613 1801 1661 1859 tibi
1669 1803 1796 1861 maninus
1806 1807 1881 1865 licus

243 1882 289 1939 dat
303 1884 391 1939 anima
402 1884 574 1955 cupiditatem
586 1900 662 1942 suam
672 1903 680 1953 ;
691 1894 720 1943 et
735 1886 795 1944 sinu
802 1886 942 1957 capaciore
960 1900 1036 1958 quae·
1087 1889 1158 1947 luds.
1174 1883 1230 1953 seo
1241 1898 1302 1939 sum
1315 1887 1413 1945 verius
1430 1896 1460 1943 et
1473 1889 1540 1955 siem
1555 1889 1713 1949 desiderans
1726 1894 1881 1963 tenuem,

242 1981 285 2028 rat
296 1973 523 2044 comprehendere
535 1974 606 2046 quod
618 1975 712 2032 oculus
725 1990 778 2032 nen
791 1976 868 2044 rldit,
889 1990 940 2033 nee
963 1974 1037 2031 auris
1086 1972 1277 2044 concoepissent
1286 1974 1377 2042 uitam,
1391 1978 1460 2033 viam
1474 1993 1525 2048 qua
1540 1978 1575 2035 ad
1588 1979 1645 2036 bec
1660 1983 1799 2050 persentire
1812 2000 1880 2056 pos·

242 2062 355 2133 audivit,
367 2079 415 2120 nee
428 2066 454 2119 ln
468 2078 517 2121 eor
529 2064 644 2122 beminis
657 2066 779 2123 ascendit
805 2065 840 2138 (l
860 2064 920 2123 Ger.
935 2082 971 2134 n,
985 2064 1034 2137 9).
1086 2074 1131 2117 ses
1141 2062 1261 2133 prolecto
1274 2080 1419 2135 quereres,
1429 2076 1457 2123 et
1467 2067 1571 2125 diceres
1585 2070 1648 2126 tibi:
1659 2069 1752 2142 ltaque
1770 2088 1815 2131 res
1829 2090 1879 2132 rc·

241 2152 392 2211 Desiderari
418 2163 523 2225 potest,
550 2155 702 2227 concupisci
724 2166 834 2228 petest,
858 2156 985 2227 suspirari
1006 2158 1035 2213 in
1085 2151 1268 2226 ritusmossna
1284 2156 1409 2225 restita3
1424 2158 1677 2232 siensetqnornode
1695 2163 1761 2221 illuc
1779 2181 1881 2237 perso·

241 2244 402 2316 illudpotest
416 2264 422 2303 :
437 2246 517 2319 digne
534 2248 658 2320 eogitari,
673 2256 701 2305 et
722 2248 811 2307 verbis
833 2248 962 2321 explicari
979 2263 1034 2305 uon
1086 2243 1158 2309 niret
1174 2244 1262 2301 eninm
1275 2247 1468 2314 metuentis
1488 2250 1638 2319 enatandi
1659 2268 1721 2309 eum
1743 2254 1880 2315 dicentem

241 2345 340 2406 polest.
1086 2337 1182 2407 prinae,
1198 2337 1254 2409 Epa
1263 2356 1320 2393 sein
1331 2340 1380 2395 sie.
1395 2342 1545 2410 Antequam
1559 2344 1661 2403 diceret
1675 2347 1792 2419 tibique,
1806 2366 1880 2419 prm·

277 2428 305 2483 8.
326 2428 404 2499 Ergo,
429 2428 525 2486 iratres
542 2430 606 2498 mel,
622 2430 746 2502 quoniam
767 2429 895 2486 Dominus
916 2429 1035 2487 breuiter
1085 2430 1157 2485 misit
1166 2431 1306 2503 qnatiiqe.
1313 2449 1378 2498 snm,
1393 2432 1549 2504 inquinem.
1560 2435 1687 2504 Querisl
1696 2438 1731 2493 iit
1745 2440 1835 2496 setes
1849 2452 1876 2498 et

241 2518 287 2586 ait,
300 2518 355 2591 Epo
368 2536 423 2575 rum
436 2520 481 2576 lue
495 2522 602 2581 mundi:
615 2522 658 2593 qtti
673 2538 713 2576 me
725 2522 846 2593 ιιιιιιιιιιι,
856 2536 906 2576 een
917 2518 1034 2575 ιιιιιιιιιια-
1085 2521 1144 2576 eito.
1159 2522 1248 2579 Primo
1260 2522 1327 2579 dixit
1339 2538 1392 2595 qua
1406 2526 1507 2593 scurias,
1520 2535 1615 2596 postea
1626 2526 1691 2583 dixit
1703 2544 1757 2600 quo
1770 2531 1878 2588 renes.

241 2610 276 2664 bit
290 2612 317 2664 in
329 2610 434 2666 tenebris
439 2629 450 2678 ,·
471 2612 516 2667 eed
534 2611 634 2668 beicbt
645 2612 729 2667 temet
745 2611 924 2683 mesquinus
944 2610 1034 2667 uerbis
1084 2612 1140 2683 ligo
1150 2628 1210 2669 sum
1223 2614 1276 2679 via,
1289 2629 1339 2685 eqo
1350 2629 1412 2671 sum
1423 2617 1531 2686 veritas,
1544 2634 1596 2689 eqo
1606 2621 1669 2675 sita.
1683 2620 1794 2679 blancum
1805 2624 1880 2694 apud

240 2700 313 2757 alind
332 2711 372 2757 est
384 2702 455 2773 qued
467 2702 557 2774 jussit,
577 2701 648 2758 aliud
667 2700 738 2773 qued
752 2701 890 2773 promisit:
905 2700 1034 2757 iaciamus
1084 2703 1201 2772 Patrem,
1211 2706 1311 2762 sedes
1321 2708 1412 2763 etvita
1422 2725 1430 2762 ι
1440 2706 1553 2765 induens
1565 2723 1596 2765 se
1607 2725 1726 2780 caruem,
1738 2711 1881 2775 lactasset

239 2795 311 2865 qued
328 2794 417 2864 jussit,
433 2810 468 2851 ne
488 2794 634 2868 impudenti
647 2794 735 2851 irontc
748 2793 940 2861 desideremus,
961 2792 1032 2864 quod
1083 2796 1136 2851 sia.
1151 2796 1209 2853 Non
1222 2798 1269 2853 tibi
1281 2798 1388 2865 dicitur,
1401 2800 1504 2856 labora
1517 2804 1660 2872 querendo
1672 2804 1752 2874 riam,
1770 2815 1800 2860 ut
1812 2822 1880 2877 per·

239 2887 376 2955 pmmisit;
390 2887 508 2945 nedieat
526 2888 605 2944 nobis
617 2886 757 2958 injudicio
768 2901 828 2954 suo,
844 2884 940 2941 Fecisti
960 2884 1031 2940 enim
1084 2888 1175 2945 uenias
1185 2890 1219 2945 ad
1232 2890 1369 2947 verterem
1381 2902 1409 2949 et
1420 2894 1516 2959 uitam;
1532 2908 1585 2950 nee
1595 2894 1647 2951 boc
1657 2896 1704 2951 tibi
1713 2897 1821 2953 dicitur.
1830 2899 1879 2955 Pi-

238 2980 313 3049 qued
323 2979 401 3051 inssi,
418 2989 447 3035 ut
457 2991 566 3051 expetas
579 2979 649 3053 quod
664 2978 789 3050 promisii
809 2975 878 3045 Quid
893 2991 957 3047 crgo
973 2976 1033 3047 jus-
1082 2994 1139 3051 ger,
1154 2995 1251 3051 surqe;
1264 2982 1306 3037 ria
1325 2983 1381 3052 ipsa
1393 2983 1427 3040 ad
1441 2994 1468 3040 te
1486 2984 1567 3049 venit,
1582 2993 1609 3040 et
1621 2994 1648 3042 te
1658 2985 1693 3043 de
1703 2990 1879 3046 sornnodor·

239 3071 308 3137 sisti,
331 3070 442 3127 bertine
464 3072 534 3127 bens
550 3070 657 3127 nostcri
671 3070 739 3126 llicit
757 3070 813 3137 tibi,
830 3068 865 3125 Ut
883 3067 1032 3138 sequereris
1083 3070 1209 3126 mientcm
1223 3071 1358 3139 excitauit,
1371 3074 1396 3129 si
1409 3080 1498 3131 emen
1513 3076 1656 3132 excitarit:
1673 3092 1762 3149 surge,
1777 3087 1806 3135 et
1817 3094 1879 3137 aru-

238 3176 293 3219 mc.
303 3160 446 3219 Consilium
460 3162 521 3217 ntae
531 3160 728 3233 petiisti-Cujus
740 3160 811 3229 vite,
822 3159 872 3214 nisi
885 3158 919 3214 de
929 3172 979 3229 qna
988 3156 1032 3213 dl·
1082 3160 1154 3216 bnla.
1171 3161 1251 3218 Ferte
1263 3164 1369 3219 cereris
1382 3164 1532 3234 aemulare,
1546 3176 1575 3223 et
1585 3183 1638 3223 uon
1649 3177 1735 3240 potes,
1750 3170 1812 3241 qnia
1825 3171 1879 3228 de

238 3265 311 3312 ctum
324 3264 375 3325 est,
392 3255 470 3326 dped
490 3264 514 3310 te
532 3255 589 3325 lens
601 3255 677 3309 nite?
695 3251 802 3309 Audiuit
813 3251 930 3323 qnidam,
949 3249 1030 3316 Vade,
1082 3250 1139 3307 lent
1150 3252 1575 3326 pedesilndedoleetpedesian
1585 3257 1879 3331 jubentcaraririaper

237 3348 317 3404 eerdc
328 3349 413 3403 omnio
426 3364 483 3419 que
494 3346 654 3415 briceolis
667 3344 830 3417 porrpeeibnr,
841 3354 864 3399 et
872 3342 972 3399 iubebis
981 3342 1033 3398 tlic-
1082 3357 1177 3413 aspera
1189 3346 1383 3403 cucurrerunt!
1393 3345 1446 3402 Sed
1457 3347 1505 3404 liei
1517 3348 1632 3418 ilcrbnm
1645 3351 1750 3407 sanavit
1759 3359 1787 3409 et
1799 3354 1880 3414 clett-

237 3456 344 3495 metram
356 3439 384 3494 in
396 3438 476 3507 cete·
487 3449 512 3494 et
523 3438 589 3506 erni,
604 3454 706 3509 aquare
717 3454 765 3492 me.
782 3436 878 3493 'Pristis
889 3435 1030 3500 abscessit,
1081 3432 1142 3489 dos.
1154 3434 1236 3501 Eece,
1247 3435 1345 3505 inquis,
1358 3450 1438 3493 sanos
1451 3436 1537 3495 liabeo
1549 3440 1696 3510 pedes,sed
1709 3442 1794 3513 ipsam
1802 3444 1879 3503 riam

236 3549 291 3590 non
301 3541 474 3590 cstsecutns:
486 3530 609 3603 quesivit
620 3530 775 3602 magistrum
786 3525 1032 3596 bonnm,interpcl-
1082 3540 1135 3580 non
1146 3524 1233 3580 rideo.
1250 3524 1549 3586 illuminaritctcecos·

237 3625 302 3681 lavit
313 3624 460 3693 doctorem,
471 3634 499 3681 et
514 3622 675 3697 contempsit
695 3621 852 3679 decentem:
868 3619 952 3675 tristis
967 3618 1030 3675 abs·
1118 3620 1164 3677 le.
1183 3620 1239 3677 linc
1250 3628 1337 3680 totum
1350 3636 1397 3693 par
1411 3621 1500 3690 tidem,
1515 3623 1878 3697 quaetdinpercprinamuta

236 3717 328 3785 cessit,
341 3716 437 3787 ligatus
446 3714 635 3787 cupiditatibus
647 3717 721 3781 snis;
733 3713 816 3769 tristis
830 3711 970 3779 abscessit,
982 3710 1031 3766 ba-
1082 3712 1205 3778 bemine,
1222 3724 1363 3769 manentes
1379 3715 1405 3769 in
1418 3730 1547 3784 corpore:
1557 3732 1618 3773 cum
1630 3725 1718 3773 autem
1732 3720 1879 3787 perambu-

235 3810 303 3865 bens
315 3810 447 3880 pandem-
455 3808 585 3865 sarcinam
600 3807 717 3863 avaritie
730 3821 810 3877 super
827 3804 954 3861 humeros
965 3818 1030 3859 sitos
1081 3803 1225 3860 luserirnos
1238 3804 1353 3869 riam‚et
1365 3804 1491 3876 adipsum
1505 3806 1618 3875 petriam
1630 3808 1794 3874 venerimus,
1807 3810 1878 3879 quid

236 3896 345 3968 (llettlt.
359 3914 414 3963 ιιι,
428 3898 533 3967 lii-22).
546 3896 705 3965 Laborabat‚
719 3896 863 3961 aestuabam
885 3903 914 3951 et
931 3894 979 3965 qni
995 3891 1030 3948 ab
1081 3894 1133 3951 crit
1144 3894 1338 3952 nebislretiusl
1350 3896 1413 3967 quid
1435 3897 1486 3953 erit
1499 3896 1575 3953 nobis
1587 3898 1706 3954 beatiusl
1718 3898 1786 3966 Quia
1805 3899 1878 3961 nibil

236 3990 284 4045 ille
295 3990 427 4045 sarcinam
442 3989 576 4059 deponere
590 3989 683 4057 soluit,
698 4004 751 4043 non
767 3995 809 4043 est
819 3986 969 4056 sequendus
982 4000 1030 4055 pu·
1081 3985 1219 4055 pacatius:
1237 3986 1304 4041 nibil
1324 3986 1395 4043 enirn
1414 3985 1542 4044 adversus
1563 3988 1696 4045 bominem
1719 3988 1878 4045 rebellabit.

236 4087 319 4145 tatus,
330 4078 378 4133 sed
388 4078 562 4134 deserendus.
575 4079 670 4134 Postea
681 4094 745 4134 uero
756 4092 834 4147 quam
845 4076 973 4133 Dominus
981 4090 1030 4146 per
1081 4073 1157 4130 Nurac
1170 4089 1243 4143 vere,
1258 4074 1365 4143 iratres,
1378 4075 1486 4133 diiiicile
1502 4077 1560 4132 sinc
1575 4077 1632 4133 rixa
1645 4092 1747 4133 sumus.
1757 4078 1799 4134 bd
1808 4093 1879 4135 cen-

235 4166 411 4238 Enanqelium
422 4168 554 4235 claruerit,
568 4167 696 4222 Venitead
705 4184 754 4233 me,
765 4167 900 4239 onrncsqei
910 4165 1030 4223 ederetis
1080 4166 1200 4221 cordiam
1212 4166 1319 4237 quidem
1327 4166 1412 4223 vocati
1422 4182 1523 4233 sumus,
1533 4168 1660 4239 jubemur
1667 4184 1759 4240 pacem
1772 4168 1880 4228 babere

235 4270 260 4315 ct
272 4261 446 4323 enormitatis,
460 4270 482 4313 et
493 4275 538 4329 eqo
552 4274 595 4313 ees
606 4258 735 4328 reficiemg
747 4256 826 4313 toilite
834 4258 927 4329 jupam
945 4273 1030 4313 meum
1081 4256 1151 4311 inter
1165 4270 1229 4323 nos;
1242 4256 1276 4313 ad
1299 4256 1351 4313 boc
1368 4258 1516 4315 oenandrun
1531 4268 1582 4326 est,
1596 4259 1772 4330 omnibusque
1785 4260 1885 4317 nitela-

235 4366 312 4422 super
323 4366 376 4415 eos,
391 4357 416 4405 ct
426 4349 538 4405 diseitce
548 4364 589 4403 etc
594 4348 654 4419 quie
666 4348 732 4403 eritis
744 4362 800 4401 mm
808 4357 832 4402 et
844 4347 945 4401 benedis
953 4347 1030 4402 corde
1081 4347 1145 4403 dum
1155 4346 1267 4414 siribns,
1276 4346 1453 4419 utaliquando
1461 4348 1641 4404 vestiamusad
1651 4347 1880 4419 perfectissimam

235 4438 292 4513 ild.
304 4454 343 4507 xr,
357 4439 393 4497 28
405 4436 598 4513 eraquuan
609 4438 686 4493 multi
700 4435 921 4493 leeemntandito
939 4436 1029 4493 lisan-
1082 4451 1192 4507 peccam
1205 4437 1285 4493 mede
1305 4446 1394 4494 autem
1415 4437 1548 4510 litigamus
1569 4440 1724 4511 plenumque
1746 4456 1811 4496 eum
1833 4442 1881 4498 eis

235 4534 316 4606 pelio,
326 4535 437 4606 qnodex
451 4550 498 4591 ere
508 4534 591 4606 ipsius
601 4532 719 4589 anditum
732 4533 807 4589 dives
819 4533 864 4589 ille
879 4548 930 4589 non
946 4531 1028 4590 lecit?
1081 4528 1176 4601 quibus
1189 4529 1329 4585 consulere
1338 4529 1470 4585 sommus
1484 4529 1531 4586 ille
1542 4539 1624 4597 errat,
1639 4538 1668 4586 tu
1681 4531 1720 4586 vis
1731 4531 1884 4591 dnoeread

235 4626 307 4697 Ergo
321 4626 401 4683 mode
416 4626 552 4693 iaciamus,
565 4642 707 4697 sequamur
721 4625 877 4691 bominum
892 4626 1029 4682 soleamus
1082 4620 1169 4685 viam;
1190 4620 1290 4676 resistit
1309 4622 1365 4688 tibi,
1386 4621 1488 4692 litigas:
1498 4622 1598 4679 resistit
1611 4638 1738 4694 paganus,
1752 4624 1882 4695 disputas

233 4716 378 4789 compedes
392 4718 491 4789 quibus
501 4716 659 4788 impedimur
675 4716 764 4787 sequi.
783 4716 818 4773 Et
836 4716 896 4788 qnis
917 4716 1029 4773 idoneus
1080 4721 1172 4768 cenna
1185 4726 1291 4769 errores
1303 4712 1686 4770 idolorumetdaemeniornm:
1700 4715 1802 4771 resistit
1815 4716 1881 4773 be-

233 4808 339 4864 solsere
358 4808 426 4865 tales
445 4806 540 4873 ιιοιιοι,
555 4807 606 4864 nisi
628 4806 673 4863 illc
687 4806 793 4878 adiuvet
807 4808 850 4863 cui
862 4806 961 4863 dictum
975 4815 1027 4874 est,
1080 4804 1189 4871 reticos,
1199 4802 1320 4875 disputas
1331 4813 1424 4861 centra
1435 4806 1502 4863 alias
1514 4805 1649 4864 doctrinas
1662 4807 1880 4867 demoniomm:

201 4932 209 4937 -
232 4898 374 4973 diremisti
386 4900 486 4955 vincalo
498 4914 555 4953 mee
570 4896 654 4971 (Prel.
668 4912 730 4964 exv,
755 4896 818 4971 lbi?
837 4897 875 4955 lle
892 4913 946 4968 qno
959 4897 1028 4955 alitis
1080 4892 1166 4950 malus
1179 4892 1325 4949 catlrolicus
1339 4908 1392 4949 nen
1404 4895 1461 4949 vult
1473 4894 1541 4950 liene
1554 4896 1654 4961 vitem.
1666 4896 1778 4966 corripis
1789 4898 1881 4956 etiam

232 4992 353 5061 psaltem
365 4991 440 5059 dicit,
459 4990 581 5045 beriniano
589 4990 661 5045 scirit
669 4991 832 5062 compeditos,
843 4989 1029 5047 liernineaeri·
1080 4982 1236 5040 interiorem
1256 4983 1365 5041 lratrore
1387 4994 1477 5046 mum:
1491 4996 1579 5044 tecue
1595 4995 1684 5043 manet
1698 4987 1725 5045 in
1740 4986 1883 5059 domo,et

232 5080 351 5153 einim
363 5080 446 5155 (Pell.
456 5096 537 5148 cxcv,
551 5080 591 5153 8).
1080 5074 1198 5147 perditas
1208 5076 1265 5132 rias
1278 5076 1387 5147 queritr
1399 5086 1496 5136 aestuas
1507 5077 1642 5153 quomodo
1653 5080 1780 5151 corrigas,
1793 5090 1824 5136 ut
1840 5082 1883 5139 de

268 5171 296 5227 tl.
317 5172 351 5229 iit
364 5172 426 5244 quid
439 5180 585 5243 sequaciter
597 5171 676 5228 soluti
690 5178 717 5228 et
728 5171 821 5239 erecti,
843 5171 897 5227 nisi
906 5170 994 5228 lumen
1008 5188 1025 5229 a
1080 5167 1229 5225 illebonam
1237 5169 1366 5225 rationem
1376 5171 1634 5230 bominoamberum
1642 5172 1748 5229 reddas.
1759 5174 1883 5241 Quantae

232 5275 287 5332 quo
299 5264 418 5332 audiunt,
434 5264 491 5338 lieo
503 5282 560 5320 mm
576 5264 660 5321 lemen
678 5264 768 5320 nsandi
776 5280 785 5319 .·
796 5264 840 5339 qui
852 5281 892 5319 ee
902 5265 1024 5335 sequeitur,
1080 5260 1199 5331 undique
1221 5262 1338 5319 rixarum
1351 5262 1539 5319 necessitatesl
1553 5262 1714 5335 Plerumque
1729 5262 1809 5320 lrome
1821 5272 1883 5321 tae-

232 5366 286 5408 tton
297 5354 674 5428 eminiobtietcneirislqula
688 5356 815 5412 Dominus
830 5355 959 5411 illuminat
970 5370 1024 5411 ne·
1080 5351 1125 5407 dio
1137 5351 1257 5421 allectus,
1282 5352 1347 5411 dicit
1365 5354 1436 5425 apud
1455 5354 1724 5425 semetipsumtonid
1745 5354 1813 5410 mibi
1832 5367 1883 5413 est

232 5456 291 5500 cos.
306 5443 487 5503 illuminamur
501 5462 565 5519 ergo
575 5447 666 5513 modo,
682 5447 787 5514 iratres,
800 5446 928 5501 babentes
941 5446 1025 5517 collp·
1079 5446 1133 5515 pati
1146 5446 1365 5516 contradictores,
1377 5448 1431 5517 pati
1443 5462 1490 5503 ees
1501 5448 1545 5519 qui
1554 5447 1669 5506 reddunt
1680 5447 1749 5502 mala
1762 5462 1811 5518 pro
1821 5446 1883 5511 be-

230 5534 303 5593 rlum
317 5534 387 5591 ildei.
400 5536 540 5595 Precessit
551 5540 621 5595 enim
634 5536 692 5609 ejus
702 5538 783 5595 saliva
795 5536 1025 5605 contemnende
1079 5533 1139 5591 nisi
1152 5536 1209 5607 Ego
1222 5537 1283 5593 vole
1301 5538 1452 5605 consulere,
1468 5538 1505 5594 illi
1519 5538 1609 5594 uolunt
1623 5538 1728 5609 perire:
1740 5551 1883 5595 consumo

230 5632 404 5697 mungeretur
415 5626 461 5697 qui
475 5641 561 5686 caecus
574 5638 616 5687 est
627 5637 705 5685 natus
719 5627 809 5700 (iere.
824 5643 865 5693 ιι,
880 5626 919 5699 6).
928 5627 963 5683 Et
975 5642 1025 5683 not
1080 5626 1162 5683 vitam
1176 5642 1263 5684 meam
1284 5628 1428 5701 litigando;
1442 5644 1535 5701 pacem
1557 5646 1610 5686 nen
1630 5630 1733 5687 babeo:
1748 5630 1883 5689 inbeicos

167 5706 169 5713 ’
231 5716 266 5779 dt
284 5712 369 5775 nen
390 5716 454 5775 reci
469 5718 523 5775 eati
543 5733 645 5792 sumus,
661 5729 689 5778 et
709 5720 756 5779 ille
777 5716 942 5777 illuminante
955 5734 1025 5792 epus
1078 5718 1279 5794 inerpretatio,
1294 5736 1361 5795 qnos
1375 5722 1586 5783 amicosbabere
1599 5722 1737 5796 deberem,
1750 5722 1882 5783 sibene·
