4000 6359
227 369 283 416 tate
294 359 433 416 nobiseum
446 367 475 418 et
486 358 524 416 uti
550 367 651 430 patrer,
665 355 712 427 qui
723 353 893 412 erediderunt
905 351 940 407 de
958 349 1018 405 lir-

227 455 290 520 qieo
310 457 486 519 naseiturum,
509 465 659 521 passurum,
682 454 903 510 resurrecturum,
916 444 945 500 in
963 458 1021 500 cm·

228 544 284 598 lum
297 556 470 597 ascensurum
483 559 491 595 ι
507 541 570 598 illos
583 541 657 596 enim
676 538 792 594 ostendit
815 536 958 607 Apostolus
971 534 1019 590 ubi

227 634 275 698 ait,
288 631 416 688 linientes
431 642 516 688 mum
525 632 639 686 eamdem
662 631 779 702 spiritum
796 629 867 700 fidei,
882 630 947 683 11111
955 629 1020 684 reri·

227 733 299 794 ptrtm
309 733 358 792 ret,
368 721 480 790 Credidi,
489 731 591 794 propter
601 721 668 793 quod
680 722 859 785 1111111111
873 728 896 772 ct
907 735 954 774 uos
962 734 1020 772 ere·

228 813 322 880 ditatus,
337 820 438 886 propter
450 813 518 886 quod
530 823 553 867 et
562 813 688 882 loqtu‘mur
697 809 734 883 (ΙΙ
748 811 807 868 Gor.
822 827 858 876 tu,
870 811 904 864 lb
920 809 941 880 ).
954 809 1019 864 Pro·

228 903 309 973 pbcta
320 903 398 970 dixit,
409 902 521 968 Credidi,
536 913 638 973 propter
651 900 720 973 quod
735 902 835 956 loeutus
846 916 904 956 suut
918 899 928 970 l
941 897 1016 964 unt.

227 1009 291 1060 cru,
306 993 361 1068 tu)
374 1011 381 1050 =
394 993 537 1065 apostotm
557 993 631 1058 dicit,
645 993 679 1048 lt't
701 1008 748 1048 not
759 989 894 1056 credimur,
917 997 1019 1062 propter

227 1084 297 1152 qaod
314 1095 339 1140 et
362 1086 497 1154 loquimur.
516 1084 634 1142 111111
647 1093 735 1140 autom
748 1082 820 1154 quod
831 1097 883 1137 una
895 1081 930 1136 sit
941 1079 1017 1146 lidos,

228 1175 291 1234 audi
303 1176 445 1241 dicentem,
459 1173 586 1230 setena
596 1172 711 1230 mundun
723 1174 840 1244 spiritum
851 1171 923 1242 fidei,
938 1179 1018 1226 11111

227 1264 362 1321 credimus.
376 1265 421 1322 Sic
432 1266 521 1322 etalio
535 1265 604 1331 loco,
620 1264 689 1320 illoto
699 1264 952 1336 eninrnotiqnerore,
962 1265 1032 1340 [ru-2

228 1367 289 1423 tres,
301 1358 361 1427 quio
374 1365 459 1428 patret
469 1358 549 1412 nostri
557 1356 694 1412 ontnettult
706 1355 891 1426 suboluerunt,
902 1362 1019 1411 otomner

227 1464 348 1518 perum
355 1448 520 1515 transierunt,
533 1449 693 1504 1111111111
705 1447 811 1520 llogoen
820 1447 1016 1519 baptizetinutt,

186 1537 189 1541 ’
227 1536 255 1590 in
265 1536 331 1592 nube
342 1545 366 1592 et
378 1539 406 1592 iu
419 1537 493 1603 muri,
509 1547 532 1594 et
545 1554 631 1594 onmes
641 1538 754 1593 eonrdeut
763 1553 846 1593 esrom
858 1534 1018 1608 spiritualem
1027 1593 1029 1596 ,

229 1627 461 1695 utendueuuerrtnt,
478 1638 504 1684 et
516 1645 602 1685 ornnes
618 1630 732 1684 eumdem
753 1638 838 1698 petum
861 1628 1018 1701 spiritualem

227 1715 349 1772 rihmunt.
365 1717 438 1775 liare
457 1719 576 1774 Rubrum
600 1718 731 1790 significat
744 1718 928 1787 baptismum
942 1716 1017 1788 lloy·

229 1821 274 1861 ses
288 1807 383 1863 ductor
406 1823 455 1878 per
473 1824 547 1864 mare
568 1808 688 1864 liubrum
712 1807 843 1879 significat
863 1807 1015 1872 Christum;

230 1900 344 1969 populus
365 1900 496 1956 transiens
510 1899 642 1970 significat
663 1898 772 1964 fidelem
784 1913 857 1954 mors
878 1896 1017 1968 AEgyptio-

226 2005 286 2046 rum
297 1990 428 2061 significat
446 1990 618 2047 abolitionem
632 1998 811 2060 pcccatorum.
827 1989 855 2044 lu
870 1987 952 2058 signis
972 1987 1016 2043 di-

225 2079 312 2136 versis
334 2079 427 2136 eadem
451 2080 517 2136 tides
530 2098 538 2136 :
551 2081 591 2136 sic
611 2081 640 2136 in
651 2081 734 2150 signis
746 2079 870 2147 diversis,
882 2078 1016 2149 quomodo

225 2174 253 2228 in
264 2171 351 2230 verbis
361 2173 475 2230 diversis
488 2191 496 2241 ;
510 2174 571 2244 quia
586 2174 666 2229 verba
679 2187 759 2228 sonus
773 2180 876 2228 mutam
887 2187 936 2242 per
946 2181 1014 2227 tem·

225 2280 302 2334 pura,
317 2267 448 2338 etutique
467 2266 535 2322 nibil
555 2265 628 2322 aliud
649 2275 712 2320 sunt
733 2264 814 2319 rerba
827 2279 906 2335 quam
929 2263 1014 2334 signa.

225 2355 404 2426 Signihmndo
420 2358 492 2412 enim
513 2355 593 2412 verba
616 2363 695 2410 suunt:
711 2355 772 2410 tolle
795 2351 1014 2424 significationem

223 2447 452 2518 rerbo,strepitus
462 2447 548 2502 inanis
557 2457 609 2502 est.
618 2442 1013 2516 Signihcotacrgosuutomnia.

224 2537 356 2610 Numquid
368 2554 422 2594 nott
436 2539 529 2594 eadem
549 2537 703 2602 credebant,
719 2553 766 2607 per
778 2552 846 2606 quus
860 2536 918 2591 lmec
938 2535 1014 2606 signa

223 2628 455 2693 ministrabantur,
471 2644 519 2696 per
536 2643 604 2698 quos
617 2627 710 2681 eadent
723 2641 782 2698 qum
792 2625 936 2688 credimus,
952 2641 1014 2695 pro-

223 2717 329 2788 pbct'ata
343 2719 608 2789 praenuntiabantur?
624 2718 721 2789 Utique
743 2717 887 2774 eredebant
897 2736 903 2770 :
915 2716 963 2774 sed
975 2717 1013 2774 illi

221 2818 335 2865 ventura
347 2825 417 2875 esse,
430 2825 479 2867 nos
492 2819 580 2865 autem
593 2810 708 2866 venisse.
718 2809 779 2864 lden
786 2817 813 2864 et
822 2809 861 2864 sic
869 2809 916 2871 ait,
930 2808 1013 2863 Eunt-

222 2898 280 2954 dem
292 2909 378 2970 potunt
398 2898 862 2969 1111111111111111111.8111111111
875 2897 1011 2964 cumdem,

221 3003 285 3045 nam
294 2989 522 3057 corpomlemnon
542 2988 677 3043 eumdem.
694 2987 762 3056 Quid
784 2987 856 3042 enim
878 2986 915 3041 illi
937 2986 1012 3041 bibe-

221 3077 305 3134 bunut
322 3076 902 3149 111111111111111111111111111111111111111
916 3093 925 3132 :
940 3087 1012 3147 petro

220 3177 306 3224 entem
320 3178 374 3222 erut
384 3167 534 3238 Christusll
547 3167 606 3222 Cer.
617 3184 645 3233 x,
666 3167 716 3222 1-1
729 3166 749 3236 l.
764 3167 860 3222 Videte
872 3181 946 3238 ergo,
958 3167 1011 3224 lide

220 3268 354 3320 manente,
364 3258 437 3328 signa
449 3258 557 3311 uariata.
570 3257 607 3311 lbi
623 3266 695 3325 petra
703 3255 834 3322 Christus,
844 3256 921 3311 nobis
932 3254 1012 3312 Chri-

221 3356 279 3408 stus
292 3347 362 3417 quod
377 3347 404 3402 in
415 3348 492 3403 altari
504 3347 550 3400 lici
563 3347 677 3416 ponitur.
691 3346 725 3400 Et
740 3346 778 3400 illi
792 3361 841 3416 pro
855 3361 951 3417 magno
964 3362 1011 3403 sa·

218 3448 359 3509 eramento
372 3440 491 3510 ejusdem
505 3439 603 3494 Christi
616 3438 739 3493 biberunt
751 3452 849 3506 aquam
872 3437 1008 3508 producu-

220 3539 274 3586 tctu
288 3530 322 3586 de
336 3540 409 3600 petra
422 3548 429 3593 ;
444 3544 493 3584 nos
506 3528 568 3600 qnid
593 3528 714 3583 bibamus
736 3536 834 3583 norunt
856 3526 958 3583 [ideles.
978 3527 1007 3583 Si

218 3620 334 3690 speciem
355 3620 485 3674 visibilem
511 3619 642 3680 intendas,
656 3616 727 3672 aliud
741 3625 801 3672 cst:
816 3617 839 3672 sl
854 3617 1010 3688 intelligibi-

218 3713 269 3768 lem
291 3713 520 3784 signtttmtionem,
546 3709 668 3765 eumdem
683 3719 773 3780 potum
793 3710 957 3780 spiritualem
969 3712 1011 3766 bi-

216 3807 323 3862 berunt.
338 3805 474 3874 Quotquot
486 3818 552 3874 ergo
575 3805 621 3858 illo
635 3813 756 3870 tempore
775 3801 945 3857 crediderunt
965 3804 1008 3858 rel

216 3893 341 3960 Abrabae,
354 3894 395 3948 vel
409 3895 493 3959 lsaac,
507 3893 550 3948 vel
562 3892 654 3957 Jacob,
667 3891 707 3947 rel
728 3891 821 3962 lloysl,
833 3891 877 3946 vel
884 3891 943 3946 aliis
958 3891 1008 3945 Pa·

699 245 730 301 ΙΝ
747 241 886 301 solutus
903 236 1135 306 staucstttht,
1155 240 1182 296 S.
1204 242 1385 302 thudsttst

1780 250 1851 310 lm

1073 361 1150 408 erant
1164 369 1171 406 r
1188 353 1260 423 ipsos
1272 355 1342 410 enim
1356 355 1462 412 videbat
1473 357 1500 414 in
1516 359 1601 428 turba,
1615 361 1722 432 quando
1742 363 1863 432 dicebat,

1071 439 1135 496 Cum
1147 443 1313 500 ecohmeritic
1325 443 1419 500 Filium
1430 448 1548 517 hetttt'rtis,
1561 459 1620 506 tanc
1631 456 1784 525 cognoscetis
1795 461 1858 530 quis

1071 548 1117 604 eqo
1126 551 1182 588 autu
1191 535 1201 605 (
1211 533 1290 590 Joon.
1300 552 1355 603 vtu,
1367 537 1404 594 att
1416 536 1437 612 ).
1447 539 1585 608 Quomodo
1597 542 1668 598 ettim
1683 545 1732 600 ista
1741 548 1857 606 solvitur

1072 624 1183 693 quaestio
1193 623 1207 680 1
1218 625 1335 682 1111111
1346 642 1398 683 non
1411 644 1485 694 oves,
1496 639 1586 688 etnon
1599 634 1708 691 audiunt
1717 652 1797 708 ovcs;
1813 655 1860 698 se·

1071 724 1188 786 quuntur
1200 732 1291 774 vocem
1305 719 1419 788 pastoris
1430 721 1549 792 quidam·
1560 723 1626 794 lupi,
1647 735 1674 782 ct
1686 727 1710 782 ei
1732 730 1854 799 quondam

1070 807 1256 864 contradicunt
1264 823 1345 877 oves;
1361 820 1495 882 postremo
1506 823 1637 884 pastorem
1650 818 1859 878 occiduntuvos.

1071 895 1189 952 Solvitur
1211 901 1324 970 quaestio
1338 916 1345 954 τ
1361 903 1506 972 respondet
1528 907 1599 962 euim
1624 906 1730 979 aiquis,
1742 921 1769 967 et
1781 912 1858 982 dicit,

1070 983 1235 1056 sedqnando
1246 1003 1299 1044 non
1310 990 1462 1058 audiebant,
1475 1007 1539 1050 oves
1553 996 1669 1054 nondum
1689 1010 1776 1067 erant,
1795 1011 1860 1060 tune

1071 1073 1125 1145 lupi
1144 1085 1235 1143 erant;
1250 1095 1300 1134 vor
1314 1081 1403 1136 audita
1418 1097 1465 1138 eos
1479 1086 1599 1154 mutavit,
1613 1098 1642 1144 et
1658 1105 1691 1145 er
1710 1091 1778 1162 lupis
1790 1109 1859 1151 ovcs

1070 1164 1152 1221 lecit:
1167 1166 1274 1238 quando
1285 1185 1349 1241 ergo
1363 1171 1437 1228 lactae
1449 1184 1592 1242 suntovcs,
1607 1179 1755 1246 audierunt,
1770 1193 1798 1239 et
1812 1201 1861 1252 pa-

1070 1264 1168 1314 storem
1182 1259 1350 1330 invenerunt,
1362 1274 1551 1339 pastorumque
1564 1279 1662 1325 secutae
1672 1283 1751 1342 sunt;
1764 1283 1858 1348 pasto·
1884 1267 1886 1270 ’

1069 1349 1107 1406 ris
1120 1351 1248 1420 promissa
1260 1367 1445 1426 speraverunt,
1458 1360 1518 1432 quia
1529 1359 1603 1430 jussu
1615 1361 1743 1420 lecerunt.
1857 1365 1860 1370 '

1106 1442 1148 1498 ll.
1171 1442 1262 1500 Soluta
1282 1455 1324 1502 est
1335 1456 1477 1520 utcumque
1491 1451 1542 1508 ista
1554 1455 1680 1524 quasue,
1695 1465 1723 1511 et
1734 1456 1860 1528 cuiquam

1069 1527 1138 1587 lortc
1157 1530 1280 1590 sollciut.
1301 1536 1344 1594 lle
1365 1547 1453 1594 autem
1469 1539 1556 1596 adbuc
1576 1552 1677 1608 movet,
1698 1545 1799 1616 etquid
1815 1565 1861 1605 me

1068 1629 1175 1677 moveat
1186 1627 1353 1683 communico
1366 1627 1519 1696 vobiscum,
1534 1638 1562 1686 ut
1573 1631 1767 1702 quodammodo
1781 1653 1860 1708 quar-

1068 1723 1130 1766 rens
1148 1711 1300 1784 vobiscum,
1313 1717 1447 1774 revelante
1461 1719 1507 1774 illo
1519 1721 1654 1778 vobiscum
1668 1728 1860 1784 1111111111-

1068 1799 1136 1856 nire.
1149 1801 1217 1869 Quid
1231 1820 1295 1876 ergo
1308 1822 1351 1862 me
1361 1817 1480 1876 moveat,
1493 1811 1614 1881 accipite.
1627 1813 1678 1870 Per
1691 1815 1859 1874 Ezechielem

1068 1891 1225 1962 prophetam
1242 1895 1368 1953 Dominus
1382 1899 1504 1972 obiurgat
1516 1911 1655 1972 pastores,
1671 1913 1698 1961 ct
1709 1908 1772 1962 dicit
1787 1909 1858 1965 inter

1067 1989 1162 2038 caeteru
1170 1983 1204 2040 de
1213 1987 1316 2050 ovibus,
1326 1985 1461 2045 Errantem
1470 2007 1540 2047 orem
1549 1995 1850 2072 nonreuocustirffluclr.

1068 2091 1167 2143 xxxiv,
1190 2074 1227 2149 l).
1253 2077 1287 2133 lit
1308 2090 1433 2136 muntem
1451 2081 1529 2149 dicit,
1552 2092 1669 2140 etonem
1689 2089 1858 2159 appellat.Si

1066 2165 1172 2234 quando
1185 2167 1291 2225 errabat
1304 2171 1360 2226 ovis
1373 2180 1444 2238 erat,
1458 2175 1533 2245 cuijus
1547 2191 1639 2232 voccm
1653 2189 1858 2238 1111111111-

1066 2256 1175 2312 dicbatl
1190 2258 1283 2315 Procul
1294 2259 1375 2318 dubio
1386 2265 1457 2320 enim
1472 2281 1525 2322 non
1538 2277 1658 2337 erraret,
1671 2271 1694 2326 si
1707 2287 1797 2327 vocem
1811 2289 1860 2344 pa-

1065 2348 1144 2401 sturis
1162 2339 1288 2406 audiret':
1303 2353 1349 2408 sed
1368 2353 1430 2410 ideo
1445 2357 1561 2422 erravit,
1577 2360 1637 2428 quia
1652 2376 1742 2416 vocem
1757 2364 1859 2420 audivit

1065 2436 1158 2504 alieui;
1172 2455 1263 2496 vocem
1276 2426 1854 2510 11111111111111111111111.(11111111111111

1065 2544 1157 2584 vocem
1182 2546 1233 2586 non
1254 2532 1363 2588 audiunt
1382 2550 1468 2590 uvcs:
1486 2536 1536 2602 Qui
1553 2549 1687 2606 venerumt,
1708 2543 1812 2612 inquit.
1829 2557 1859 2602 et

1065 2620 1249 2692 intelligimus,
1268 2625 1367 2681 Prnter
1381 2641 1443 2694 me;
1457 2626 1483 2683 ld
1497 2635 1556 2696 est,
1569 2629 1619 2696 Qui
1629 2643 1747 2687 renerum
1757 2648 1859 2702 praeter

1064 2727 1126 2779 me,
1147 2717 1216 2786 furer
1237 2725 1297 2770 tunt
1312 2725 1336 2772 et
1349 2715 1474 2788 latrones,
1488 2731 1513 2775 et
1526 2737 1577 2778 non
1588 2725 1721 2781 audierunt
1733 2743 1775 2783 eoa
1788 2745 1870 2785 ttttcr.¹

1064 2801 1195 2872 Domine,
1211 2804 1234 2860 si
1248 2821 1301 2861 nnn
1315 2807 1455 2865 audieruut
1468 2826 1514 2867 cos
1526 2828 1607 2879 oves,
1619 2815 1751 2884 quomodo
1763 2828 1858 2874 errant

1063 2892 1148 2948 oveal
1167 2893 1195 2949 Si
1215 2909 1279 2952 oves
1298 2912 1349 2952 nou
1364 2899 1474 2955 audiunt
1487 2902 1537 2958 nisi
1554 2911 1596 2970 te;
1612 2913 1639 2960 tu
1653 2916 1742 2961 autem
1755 2910 1855 2967 veritas

1063 2999 1092 3040 es
1113 3001 1120 3038 :
1143 2986 1261 3057 quisquis
1283 2991 1421 3048 veritatem
1438 2995 1528 3063 audit,
1548 2993 1859 3072 111111111111111111

1062 3083 1150 3132 autem
1169 3087 1279 3148 errant,
1294 3089 1322 3136 et
1333 3096 1397 3138 oves
1409 3085 1584 3156 appellantur.
1600 3087 1666 3143 Nam
1680 3091 1702 3144 si
1718 3091 1743 3146 in
1759 3110 1857 3153 errore

1062 3167 1120 3237 ipso
1139 3183 1202 3226 oves
1218 3185 1270 3225 nun
1284 3171 1496 3243 appellarentur,
1513 3192 1565 3232 non
1580 3177 1713 3236 diceretur
1727 3197 1775 3251 per
1785 3183 1856 3242 Eze-

1061 3257 1189 3326 chielom,
1210 3257 1347 3316 Errantem
1366 3278 1436 3318 orem
1456 3281 1507 3321 uon
1522 3269 1664 3326 terecurrit.
1678 3269 1816 3337 Quomodo
1829 3285 1858 3331 ct

1060 3359 1148 3416 errat,
1169 3357 1198 3406 et
1216 3351 1274 3407 ovis
1293 3351 1355 3407 esti
1375 3351 1474 3411 Vocem
1488 3357 1566 3413 alieni
1579 3359 1790 3418 audivitlccrte
1803 3382 1859 3420 non

1060 3441 1196 3495 auderunt
1215 3458 1256 3497 em
1269 3458 1335 3498 oret.
1350 3443 1450 3500 Deinde
1464 3446 1544 3502 modo
1558 3450 1632 3504 multi
1646 3451 1805 3522 colliguntur
1821 3455 1861 3511 atl

1060 3531 1132 3586 ovile
1141 3530 1238 3587 Christi
1248 3575 1257 3600 ,
1268 3542 1295 3588 et
1304 3549 1337 3588 er
1348 3533 1480 3592 baereticis
1492 3536 1559 3592 hunt
1569 3539 1691 3596 catholici
1704 3559 1711 3606 ;
1722 3557 1737 3596 a
1748 3540 1859 3601 iuribus

1061 3620 1208 3686 tolluntur,
1230 3623 1329 3691 pastori
1351 3621 1521 3680 redduntur:
1540 3627 1720 3697 utaliquando
1734 3646 1860 3686 murmu-

1060 3718 1133 3774 rant,
1150 3711 1255 3765 taedium
1271 3712 1407 3781 patiuntur
1420 3713 1453 3768 ad
1466 3727 1651 3784 revocantem,
1671 3727 1698 3773 et
1710 3734 1761 3774 nott
1772 3721 1858 3776 intcl-

1061 3798 1145 3870 ligunt
1155 3799 1317 3871 jugulantem
1327 3817 1335 3869 3
1346 3812 1528 3860 verumtamen
1543 3807 1621 3861 etlam
1632 3823 1692 3862 cunr
1703 3811 1854 3870 renitentes

1059 3892 1182 3946 venerint
1192 3906 1251 3961 qum
1264 3907 1328 3948 oves
1342 3900 1413 3961 suvtt,
1425 3905 1571 3964 agnoscunt
1580 3913 1672 3954 vocem
1686 3903 1813 3969 pastoris,
1823 3915 1856 3958 et

217 3982 350 4046 triorchis,
365 3983 480 4052 aliisque
502 3983 641 4052 Prophetis
653 3982 787 4036 Christum
807 3981 1010 4049 1111111111ιὶ-
1059 3993 1089 4034 11
1108 3979 1214 4036 venisse
1236 3981 1374 4049 luuntur,
1396 3991 1425 4038 et
1438 3999 1542 4041 errasse
1555 3987 1723 4043 erubescunt.
1739 3990 1860 4057 Quando

216 4073 278 4140 bus,
290 4083 449 4138 ovescrant,
465 4071 634 4127 etChristnm
650 4071 788 4126 audierunt
798 4088 805 4124 ε
817 4086 870 4124 non
891 4070 1006 4127 alienam
1060 4083 1124 4142 ergo
1143 4069 1169 4124 in
1184 4069 1231 4125 illo
1245 4085 1337 4128 errore
1350 4081 1474 4143 tanquam
1490 4075 1516 4129 in
1532 4076 1641 4131 ueritate
1655 4077 1855 4148 gloriabantur,

215 4178 319 4229 vocem,
330 4161 378 4217 sed
391 4161 630 4232 ipsiusaudierunt.
641 4158 726 4215 ludex
738 4157 861 4214 lueratin
871 4175 1006 4230 praecone.
1059 4165 1087 4212 ct
1105 4158 1195 4230 utique
1214 4175 1267 4215 non
1282 4161 1424 4218 audiebant
1438 4179 1530 4218 vocem
1545 4167 1675 4235 pasturis,
1691 4175 1718 4223 et
1730 4169 1856 4227 alienum

215 4255 281 4322 Quia
295 4265 323 4310 et
335 4253 442 4324 quando
450 4251 532 4324 judex
543 4252 660 4320 loquitur
681 4265 728 4320 per
746 4265 910 4319 preconem,
923 4265 1006 4308 erce·
1059 4250 1120 4308 idco
1139 4253 1333 4322 sequebantur,
1354 4271 1418 4312 oves
1430 4265 1507 4314 eraut
1519 4273 1553 4312 an
1568 4273 1621 4314 nou
1635 4261 1729 4316 erunt?
1743 4261 1771 4318 Si
1786 4276 1861 4320 oves

214 4357 278 4418 pter
293 4361 347 4404 non
360 4346 432 4414 lacit,
454 4346 546 4402 Praceo
571 4344 652 4409 dixit,
668 4343 726 4409 sed,
748 4341 832 4398 ludex
852 4341 928 4399 dixit.
953 4341 1005 4399 litt
1057 4351 1150 4410 erant,
1169 4343 1302 4414 quomodo
1320 4346 1421 4401 alicnus
1443 4362 1507 4403 oves
1529 4363 1582 4403 non
1603 4350 1736 4406 audiuntl
1750 4352 1859 4412 111111

214 4449 425 4509 suutergoquos
434 4452 488 4492 non
501 4436 642 4490 audierunt
654 4450 729 4502 oves,
743 4434 934 4505 inquibusnon
947 4443 1005 4490 erat
1057 4449 1110 4488 non
1123 4444 1215 4502 erant,
1228 4451 1313 4506 quare
1325 4436 1497 4508 objurgantur
1510 4438 1548 4495 illi
1561 4440 1656 4510 quibus
1665 4440 1778 4506 dicitur,
1794 4441 1858 4500 Er-

214 4543 268 4582 ror
288 4526 397 4592 Christi,
411 4536 541 4592 errantes,
560 4525 624 4580 lalsa
639 4525 767 4590 dicentes,
782 4524 868 4579 inania
881 4526 1003 4596 garrien-
1055 4537 1153 4581 rentem
1171 4541 1241 4580 orem
1259 4543 1310 4582 uon
1326 4529 1477 4584 reuocmtitl
1489 4527 1518 4584 ln
1531 4529 1597 4601 ipsis
1610 4531 1689 4587 ctiam
1701 4533 1756 4602 jam
1772 4531 1856 4592 lactis

212 4627 265 4684 tes,
280 4633 347 4672 vana
358 4617 498 4689 lingentes,
512 4619 624 4672 miseros
638 4613 805 4670 seducentes.
975 4621 979 4627 '
1055 4617 1193 4672 catholicis
1204 4615 1380 4684 Christianis,
1394 4619 1470 4674 bonae
1484 4621 1539 4690 spei
1553 4619 1692 4690 ildelibus,
1704 4623 1859 4694 aliquando

215 4767 221 4775 ‚
248 4707 292 4764 tu.
304 4706 372 4775 Quid
380 4717 422 4765 est
433 4723 497 4778 ergo
508 4705 578 4776 quud
588 4704 653 4770 dixi,
664 4704 747 4772 llaior
756 4705 814 4759 brec
825 4705 1003 4775 estquaestiol
1054 4706 1123 4762 mala
1139 4707 1297 4778 contingunt
1309 4725 1316 4774 ;
1328 4709 1493 4764 seducuntur
1503 4711 1529 4764 in
1540 4725 1676 4778 ermrem,
1689 4719 1790 4782 etpost
1804 4728 1860 4770 er-

211 4799 279 4869 Quid
290 4800 370 4857 babet
380 4802 520 4857 obscurum
544 4807 572 4854 ct
595 4798 628 4853 atl
655 4799 854 4870 intelligendum
875 4798 1004 4854 dilleilel
1054 4812 1143 4853 rorem
1162 4808 1321 4853 revocantur
1336 4816 1343 4852 :
1357 4799 1464 4868 quando
1477 4800 1578 4856 seducti
1591 4805 1693 4856 suntin
1706 4815 1830 4858 errorem
1844 4847 1857 4872 ,

210 4892 318 4959 Audite,
329 4893 451 4947 obsecro.
479 4894 548 4948 Ecce
562 4893 689 4948 Dominus
704 4893 762 4962 ipse
784 4890 861 4946 lesus
881 4889 1002 4947 Christus
1053 4895 1081 4943 et
1102 4887 1256 4956 rebaptisati
1277 4895 1353 4954 suvrt,
1367 4895 1413 4942 aut
1428 4897 1488 4957 post
1501 4888 1577 4943 utilis
1590 4888 1717 4944 dominici
1728 4890 1857 4946 1111111-

210 4983 294 5051 renit,
309 4982 462 5053 predicavit
475 4999 481 5035 ε
494 4986 585 5052 utique
600 4984 685 5037 multo
707 4981 792 5051 magis
815 4995 866 5036 vox
886 4981 1001 5049 pasturis
1054 4989 1106 5034 tem
1125 4993 1217 5035 rursus
1230 4981 1257 5035 in
1271 4993 1388 5035 errorem
1404 4981 1544 5048 pristinum
1558 4980 1670 5035 revoluti
1685 4991 1765 5047 svvnt,
1781 4995 1863 5042 oves

210 5079 279 5135 erat,
293 5086 417 5139 expressa
433 5074 491 5144 ipso
502 5088 549 5128 ore
559 5074 685 5144 pastoris.
700 5071 727 5126 Si
741 5073 811 5126 enim
824 5085 871 5140 per
880 5070 1000 5140 Prophe·
1052 5079 1127 5124 erant
1141 5083 1175 5123 an
1191 5083 1243 5123 non
1257 5070 1355 5125 oranti
1367 5069 1463 5139 Utique
1472 5069 1597 5126 catholici
1608 5079 1694 5126 erant.
1707 5067 1737 5127 Si
1750 5069 1858 5128 catho-

211 5168 253 5214 tas
271 5177 320 5217 vox
334 5165 446 5232 pastoris
460 5173 528 5228 erat,
540 5174 639 5235 quamn
663 5164 747 5232 magis
770 5177 864 5216 vocem
887 5163 1000 5229 pastoris
1051 5159 1095 5215 lici
1108 5159 1197 5214 lideles
1210 5167 1303 5222 erant,
1317 5173 1380 5214 ores
1390 5167 1476 5213 erant.
1487 5159 1515 5214 Si
1528 5173 1591 5214 oves
1602 5171 1695 5226 erant,
1709 5159 1861 5229 quomodo

211 5251 358 5318 proterebat
367 5254 456 5323 lingna
467 5255 522 5324 ipsa
531 5255 663 5323 pastoriet
675 5254 732 5307 Non
745 5267 838 5306 onines
848 5249 997 5306 audierunt.
1051 5262 1143 5302 vocem
1162 5247 1241 5303 alieni
1256 5247 1348 5304 andire
1362 5256 1519 5320 potuerunt,
1534 5263 1594 5305 cum
1609 5249 1737 5306 1111111111
1751 5249 1834 5307 dicat
1845 5295 1859 5322 ,

211 5337 264 5392 Sed
278 5340 340 5408 quitl
356 5345 499 5408 putamus?
512 5345 556 5414 qui
579 5344 728 5404 audieruut,
739 5356 804 5395 oves
816 5339 916 5395 erantl
930 5341 998 5398 Ecce
1050 5353 1101 5392 non
1113 5335 1246 5391 audierunt
1259 5339 1392 5394 11111111

210 5427 310 5481 audivit
331 5427 423 5498 ludas,
444 5440 471 5487 et
488 5434 565 5503 lupus
587 5441 660 5487 erat:
673 5430 842 5502 sequebatur,
866 5429 912 5484 sed
928 5431 997 5500 pelle
1085 5429 1129 5483 li.
1144 5428 1279 5496 Audistis,
1294 5427 1404 5496 iratres,
1417 5429 1580 5485 altitudinem
1595 5429 1759 5499 questionis.
1775 5430 1857 5491 ilico

209 5609 256 5682 qui
275 5609 409 5670 Christum
433 5616 628 5704 crucillrerunt,
647 5633 700 5674 non
719 5613 871 5682 audiebant,
888 5621 914 5670 et
930 5627 995 5670 oves
1048 5611 1195 5681 prescitos,
1209 5613 1281 5668 novit
1294 5612 1493 5684 predestinatos
1505 5629 1513 5668 1
1527 5611 1561 5668 dc
1572 5611 1723 5685 illoquippe
1732 5613 1861 5687 elicitur,
