4000 6359
266 310 333 382 qq
736 296 1230 371 mtouuusursuenttuus.
1250 304 1432 366 ,incusum
1834 318 1897 381 qq

263 431 390 493 sordibus
397 427 562 488 credentium
570 422 736 487 marimum,
747 416 950 491 spiritualesque
960 414 1058 470 laciea·
1110 424 1203 473 errant
1218 417 1245 473 in
1263 428 1377 492 utroque
1388 420 1553 494 qnilaudant
1566 444 1574 482 z
1587 426 1697 485 otiare
1709 430 1823 501 scilieet,
1837 437 1895 505 quia

263 525 310 593 do,
322 521 465 580 declaravit
478 522 518 577 eis
529 514 662 591 quomodo
673 512 758 568 Filius
766 508 838 567 Patri
854 514 926 563 esset
936 505 1057 597 aequalis,
1112 504 1221 578 ldquod
1234 510 1332 567 malum
1340 520 1392 578 eet,
1403 514 1500 571 itonam
1512 523 1625 587 putant;
1639 518 1825 588 etinhomine,
1838 524 1896 594 quia

264 630 344 690 quem
357 610 503 672 secundum
516 622 623 666 earnem
634 604 706 677 prius
719 598 902 657 tantummodo
914 607 1057 661 nouerant,
1111 609 1220 655 nonest
1240 600 1311 672 quod
1325 612 1427 674 putant.
1446 606 1613 679 Quapropter
1623 608 1688 665 lelna
1701 621 1743 668 esa
1754 613 1781 669 in
1794 612 1837 671 his
1849 615 1897 671 qq..

263 715 292 765 et
303 705 439 763 homiuem
453 703 523 758 sieut
536 696 656 755 homines
666 692 829 765 eogitahant.
843 689 888 745 Vel
901 698 985 756 certe,
995 688 1058 759 quia
1111 688 1161 745 bus
1174 693 1316 761 generibus
1325 694 1420 765 gloria.
1431 695 1498 753 Cum
1511 708 1600 756 autem
1611 700 1647 756 de
1657 702 1747 774 aliquo
1757 719 1806 774 per
1815 704 1896 765 heum

263 811 311 869 per
323 796 407 867 ipsam
418 792 573 849 charitatem
579 785 674 842 ilducia
686 783 780 853 repleti
789 783 810 850 ¹,
820 790 846 838 et
858 781 953 837 timore
962 780 1059 852 depol·
1110 789 1139 837 et
1150 792 1258 853 propter
1272 784 1357 840 ileum
1365 786 1447 857 justo,
1461 787 1514 846 hoe
1525 798 1568 847 est
1582 793 1712 849 ueraciter
1722 794 1803 863 justo,
1817 808 1896 854 eausa

262 902 304 955 so,
317 886 540 943 annuntiaverunt
565 877 715 936 homiuibus
728 873 876 941 Christum
890 887 922 929 ao
935 873 974 928 sie
987 870 1057 927 lama
1111 875 1195 947 ipsius
1207 875 1318 947 justitia
1337 877 1462 950 frequens
1484 890 1527 937 est
1545 882 1616 939 lama
1637 898 1698 940 eom
1718 884 1817 953 laude;
1836 902 1895 944 rora

262 980 321 1051 eius
333 976 428 1036 diliusa
439 984 482 1032 est
496 982 551 1029 toto
564 971 629 1026 orbe
638 976 780 1025 terrarum.
795 964 831 1023 llt
840 965 878 1021 sie
891 964 996 1030 dixerit,
1006 962 1059 1019 ltta
1108 966 1214 1037 quidem
1225 966 1308 1038 gloria
1319 977 1381 1033 est;
1396 984 1451 1026 noo
1465 980 1553 1029 tamen
1563 987 1595 1029 ee
1607 974 1769 1033 ereleaduna
1782 987 1824 1033 est
1837 978 1891 1035 bea

262 1067 471 1141 mehnpcabit,
485 1074 610 1137 tanquam
626 1061 727 1117 diueret
741 1076 748 1113 :
763 1058 810 1114 llle
820 1056 896 1113 uobis
907 1056 1011 1111 auleret
1022 1056 1057 1110 ti·
1110 1056 1319 1128 tihearijustutn,
1335 1057 1381 1115 sed
1396 1060 1565 1119 laudantibus
1577 1066 1763 1134 gratulandum
1776 1076 1827 1137 est,
1839 1070 1895 1139 quia

262 1178 378 1232 morem,
391 1170 419 1218 et
430 1158 504 1216 dabit
529 1170 657 1221 emonem,
673 1168 727 1226 quo
748 1165 791 1206 me
809 1148 944 1203 ardentius
956 1146 1057 1218 prodi·
1107 1156 1180 1203 recte
1190 1148 1319 1219 judicant,
1330 1159 1358 1206 et
1369 1150 1483 1223 diligunt
1499 1154 1612 1224 justum.
1624 1155 1729 1225 Quattto
1738 1160 1823 1231 tnagis
1837 1176 1898 1233 erqo

262 1263 364 1323 euntes,
372 1253 463 1327 gloriae
472 1264 539 1307 ntem
550 1264 597 1319 per
606 1254 688 1302 totum
699 1242 826 1299 mundum
834 1236 1055 1304 dabitisodorem,
1108 1235 1376 1306 liominusChristas,
1388 1254 1442 1296 nou
1454 1242 1517 1313 sibl,
1530 1242 1624 1303 aedeis
1635 1246 1734 1317 proluit
1745 1248 1893 1321 gloriasua,

263 1342 485 1403 sommendahitis
505 1339 644 1394 bonorem.
666 1333 741 1403 Quod
754 1332 825 1389 euim
846 1329 938 1386 laeturi
951 1328 1058 1384 fuerant
1107 1329 1204 1398 quibus
1216 1328 1314 1401 proluit
1326 1340 1413 1389 morte
1425 1333 1497 1390 suat

261 1435 290 1494 ih
300 1434 513 1507 Spiritusanuto,
528 1426 711 1483 hoeeumdem
723 1423 851 1495 Spiritum
861 1419 928 1476 dixit
941 1432 1002 1475 esse
1015 1417 1055 1474 ia·
1143 1419 1171 1474 ὅ.
1182 1418 1235 1476 Sed
1258 1430 1370 1479 nonest
1388 1438 1453 1479 vera
1476 1425 1534 1497 ejus
1550 1428 1618 1501 apud
1644 1428 1784 1488 haereticus
1803 1432 1894 1504 gloria,

262 1536 366 1583 etumm
381 1522 480 1595 :quale
491 1528 533 1575 est
545 1518 625 1575 otiam
640 1514 715 1581 illud,
730 1510 790 1569 Non
802 1512 868 1567 euim
879 1522 923 1567 eoa
940 1509 1058 1581 alisqui
1107 1512 1178 1582 apud
1201 1528 1268 1585 quos
1282 1521 1372 1571 tamen
1386 1515 1554 1588 frequentem
1566 1519 1664 1577 lamam
1685 1523 1790 1580 ridetur
1803 1526 1898 1582 habere

262 1612 404 1688 matini,
418 1610 463 1667 sed
477 1608 590 1680 Spiritus
610 1602 696 1661 Putris
706 1604 780 1659 uestri
796 1603 840 1675 qui
854 1600 1000 1675 loquituria
1013 1612 1057 1654 ω-
1107 1616 1169 1659 cum
1180 1604 1268 1661 laude.
1281 1605 1341 1663 Non
1352 1616 1395 1664 est
1407 1608 1466 1666 haee
1479 1624 1543 1667 uera
1561 1612 1656 1683 gloria,
1672 1616 1733 1685 quia
1745 1616 1773 1672 in
1787 1626 1897 1689 utroque

261 1706 316 1777 bia(
327 1702 422 1760 lluttb.
434 1698 538 1769 usto).
549 1698 666 1754 llerbum
686 1694 784 1767 quippe
805 1707 918 1764 graecum
931 1690 1001 1763 quod
1014 1697 1057 1748 est
1106 1692 1235 1751 falluntur
1248 1713 1257 1749 a
1270 1710 1334 1751 nam
1355 1705 1385 1753 et
1406 1696 1506 1755 bouum
1529 1709 1624 1771 putant
1635 1717 1697 1758 esse
1712 1706 1785 1775 quod
1800 1706 1897 1763 bouum

262 1804 365 1867 δοξάσει,
379 1796 447 1851 alius
457 1788 616 1862 clarificabit,
630 1788 697 1845 alius
710 1782 869 1859 ptoripiculit,
882 1782 957 1838 latini
969 1782 1056 1838 inter·
1107 1799 1160 1841 uon
1172 1794 1223 1852 est,
1237 1793 1266 1841 et
1282 1786 1418 1843 Christum
1444 1797 1537 1859 putant
1548 1806 1609 1847 esse
1619 1790 1692 1863 quod
1710 1793 1834 1851 Christus
1848 1811 1897 1852 uoa

261 1897 352 1963 pratos
377 1888 405 1943 in
419 1901 467 1943 sua
486 1884 598 1955 quisque
616 1876 791 1937 translatione
812 1882 974 1947 posuerunt:
990 1887 1057 1945 quu-
1106 1882 1157 1930 est.
1169 1872 1338 1945 Unigenitum
1349 1878 1422 1934 euim
1440 1877 1536 1935 Filium
1558 1882 1687 1952 equalem
1710 1899 1765 1940 non
1778 1900 1841 1943 esse
1861 1888 1898 1958 qi-

261 1981 333 2038 niam
356 1978 413 2050 ipsa
432 1986 494 2049 quae
513 1987 600 2046 praece
613 1972 710 2026 dieitur
724 1974 791 2036 lece,
805 1967 873 2023 undo
893 1966 991 2021 dictum
1013 1974 1057 2022 est
1105 1965 1207 2037 quenti,
1218 1968 1636 2042 nouestbonommnigeoitum
1648 1974 1696 2031 liei
1706 1974 1804 2032 ltttum
1813 1976 1899 2033 bont-

260 2072 372 2129 uerbum
383 2074 486 2136 δοεᾰωιι,
497 2074 524 2123 et
530 2064 637 2121 claritas
647 2063 835 2132 iraterpretator
842 2066 868 2113 et
881 2056 978 2129 gloria.
989 2054 1055 2113 Glo·
1106 2072 1167 2111 nem
1174 2065 1354 2127 tanturnesse,
1365 2075 1418 2117 non
1431 2060 1528 2129 ileum,
1540 2076 1594 2119 non
1605 2072 1648 2121 est
1660 2065 1781 2123 bouum
1797 2068 1898 2127 Seria·

259 2166 300 2221 ria
312 2176 427 2232 namque
439 2158 468 2215 ht
479 2157 592 2230 quisque
602 2154 701 2219 clano,
723 2160 752 2207 et
771 2150 888 2207 claritate
901 2148 1053 2219 gloriosos3
1106 2147 1140 2203 tis
1154 2164 1262 2206 earnem
1277 2163 1332 2206 ttou
1349 2166 1410 2207 esse
1422 2166 1513 2207 veram
1531 2164 1653 2223 earnem,
1667 2172 1721 2213 nou
1735 2166 1778 2216 est
1786 2156 1898 2217 bonum.

260 2268 293 2309 ae
305 2266 352 2323 per
366 2251 417 2306 hoe
428 2248 499 2319 quod
513 2254 628 2315 utroque
647 2244 732 2299 rerhu
751 2239 922 2312 sigoihcatur,
938 2238 1054 2309 idipsum
1105 2236 1205 2295 lloruna
1220 2242 1297 2296 trium
1310 2242 1558 2314 quaediaiprimurn
1566 2246 1898 2319 sentiuutlhriani,seouu·

260 2352 312 2401 est.
324 2341 399 2399 Sicut
410 2350 498 2397 autem
508 2337 669 2394 dehnieruot
680 2334 780 2405 antiqui
791 2334 875 2389 latinu
888 2332 984 2402 linquae
997 2330 1055 2387 ela·
1104 2329 1169 2385 dum
1179 2331 1454 2400 Photiuiaui,tertiom
1468 2334 1616 2394 llauiobui.
1626 2337 1679 2394 Sed
1691 2340 1790 2411 quiaet
1803 2356 1896 2397 eorum

260 2434 359 2493 nissimi
380 2440 513 2497 auctores,
535 2426 672 2499 gloriaest
694 2424 814 2497 frequens
827 2422 860 2480 de
880 2422 968 2493 aliquo
985 2421 1054 2477 lama
1105 2420 1171 2476 nihil
1185 2430 1225 2477 est
1242 2422 1353 2491 bonurn
1367 2431 1395 2479 ot
1405 2422 1529 2483 Christus
1540 2426 1605 2481 nihil
1615 2435 1657 2483 est
1669 2442 1771 2497 eorum,
1782 2429 1812 2485 in
1826 2438 1899 2486 utro-

261 2542 322 2585 eun.
334 2524 423 2581 laude.
438 2523 502 2592 Quae
513 2536 573 2577 oum
583 2526 625 2577 est
641 2521 668 2574 ln
681 2518 731 2573 hoo
744 2514 842 2573 mundo
854 2513 966 2569 incude
978 2512 1056 2569 Chri·
1104 2528 1157 2585 que
1169 2514 1294 2573 iulluutur
1305 2534 1313 2572 a
1323 2531 1373 2574 nee
1384 2517 1449 2574 dant
1461 2520 1668 2590 veramgloriam
1678 2521 1795 2592 christo,
1806 2538 1900 2596 quarn

262 2626 315 2684 sto,
328 2629 381 2671 non
396 2609 642 2671 Christocredeuda
653 2618 694 2665 est
703 2620 826 2678 magnum
848 2602 947 2676 aliquid
960 2610 1055 2659 eotttu·
1104 2606 1145 2663 uis
1165 2607 1234 2678 apud
1259 2624 1307 2665 eos
1322 2623 1384 2665 esse
1404 2610 1523 2667 videatur
1547 2626 1608 2667 eum
1635 2613 1711 2669 laude
1724 2610 1900 2685 frequenssa.

257 2704 335 2775 iisse,
348 2704 396 2763 sed
408 2702 518 2760 ntuudo.
532 2701 636 2756 bunum
647 2700 717 2756 euim
735 2697 851 2766 laudare,
866 2708 920 2753 non
932 2692 1052 2764 laudato,
1105 2712 1148 2754 ma
1161 2699 1196 2755 de
1207 2698 1326 2755 Christo.
1337 2697 1473 2759 Etomnos
1483 2717 1594 2774 prorsus
1604 2702 1732 2770 haretici,
1747 2721 1817 2776 quos
1826 2723 1899 2763 eoru-

261 2796 309 2854 sed
321 2793 490 2851 laudantibus
503 2790 621 2863 prodest.
1103 2805 1254 2845 memorare
1276 2791 1356 2847 nimis
1376 2792 1482 2863 longum
1493 2802 1544 2858 est,
1569 2794 1615 2865 qui
1627 2794 1661 2850 de
1673 2792 1779 2853 Christo
1792 2812 1848 2853 non
1860 2812 1901 2852 re·

294 2884 324 2940 Ω.
345 2884 394 2940 list
407 2892 497 2939 autem
513 2882 593 2939 etiam
607 2878 672 2935 salsa
685 2877 779 2949 glunit,
793 2876 898 2948 quanm
915 2873 1055 2931 laudentes
1103 2890 1147 2937 ete
1157 2880 1283 2947 sentiunt,
1291 2882 1455 2950 ideoerrant,
1462 2884 1523 2953 quia
1532 2893 1559 2940 et
1568 2884 1686 2943 debonis
1696 2888 1775 2943 rebus
1782 2903 1817 2944 ae
1825 2889 1901 2946 malis

262 2990 355 3036 errore
367 2974 505 3039 lalluntur,
518 2972 610 3028 sivein
625 2971 715 3036 rebus,
730 2969 825 3025 sivein
840 2968 1001 3033 hominibus,
1017 2966 1055 3021 si·
1103 2984 1157 3026 non
1169 2985 1263 3026 rerunt
1273 2972 1399 3027 sentiunt.
1408 2973 1506 3044 Paqani
1515 2974 1595 3030 etiam
1608 2978 1734 3047 quoniam
1743 2989 1810 3035 sunt
1819 2980 1899 3037 cina

260 3086 294 3127 ue
305 3070 333 3125 iu
346 3062 551 3138 utusqrnttan
562 3065 588 3119 ln
599 3061 679 3119 rebus
691 3059 827 3131 falluntur,
842 3058 948 3131 quando
962 3064 1056 3129 putant
1103 3063 1137 3119 sti
1152 3064 1260 3134 plurimi
1278 3063 1441 3131 lausdatores,
1456 3073 1483 3122 et
1496 3065 1547 3137 ipsi
1573 3068 1601 3123 in
1626 3078 1738 3141 utroque
1763 3070 1899 3138 falluntur,

261 3162 288 3220 id
302 3162 401 3219 bonum
411 3172 472 3219 esse
485 3155 556 3228 quod
568 3154 666 3210 malum
678 3162 719 3209 est
733 3169 741 3207 ε
756 3150 783 3207 ln
795 3150 943 3207 bominibus
955 3160 1054 3217 autem,
1104 3153 1149 3224 qui
1163 3152 1517 3212 nonsoeuMumrertutem
1528 3156 1734 3229 betsedpouru
1751 3163 1901 3218 seeundum

260 3251 367 3324 quando
394 3254 490 3322 putant
507 3260 568 3303 euna
592 3244 692 3299 bouum
716 3242 832 3314 essequi
846 3241 1003 3297 malusest:
1027 3238 1054 3296 in
1103 3258 1179 3301 suarn
1194 3244 1900 3325 suspicionemdieunteumluissehomiuemmagum.

262 3342 383 3413 utrisque
394 3353 472 3407 uero,
486 3336 591 3409 quando
603 3343 630 3391 et
640 3334 666 3390 id
679 3334 993 3405 quadestuitium‚rirtus
1006 3346 1054 3402 pu·
1103 3334 1269 3395 Christianos
1280 3338 1380 3410 quippe
1395 3338 1469 3395 uelut
1490 3340 1627 3412 imperitos
1636 3343 1800 3414 vituperant,
1824 3345 1900 3402 Chri-

262 3440 351 3498 tatur;
364 3438 391 3487 et
405 3430 462 3502 ipse
482 3428 528 3500 qui
546 3434 656 3497 propter
673 3424 725 3481 hoe
745 3424 876 3491 laudatur,
903 3438 955 3479 nou
976 3421 1056 3479 tanet
1103 3434 1174 3484 stunt
1187 3434 1277 3483 autem
1302 3427 1376 3485 uelut
1400 3443 1507 3501 magum
1537 3429 1658 3497 laudaut,
1671 3446 1704 3488 ao
1723 3434 1764 3489 sie
1783 3433 1901 3504 produnt

261 3521 334 3595 quod
346 3528 464 3593 putatur,
480 3520 537 3575 siue
546 3516 581 3573 sit
593 3517 693 3583 bouus,
707 3516 764 3571 siue
787 3515 822 3571 sit
844 3513 940 3569 rualus.
952 3512 1055 3569 horare
1102 3517 1174 3589 quod
1199 3525 1292 3574 amant
1306 3516 1463 3576 :Christum
1484 3534 1548 3578 reru
1572 3535 1628 3577 uon
1649 3532 1757 3589 amaut3
1772 3526 1900 3595 quoniam

262 3616 360 3687 quippe
371 3628 417 3671 res
430 3626 493 3669 suas
505 3608 689 3675 histrionibus,
708 3607 800 3663 uitium
811 3616 851 3661 est
864 3606 989 3672 immane,
1001 3617 1055 3659 noa
1101 3608 1173 3679 quod
1196 3623 1252 3665 nou
1271 3616 1331 3665 arat
1356 3608 1492 3677 Christus,
1517 3610 1569 3667 hue
1590 3619 1691 3667 amant
1706 3612 1769 3671 ideo
1782 3629 1850 3687 ergo
1873 3616 1900 3671 iu

261 3707 346 3763 uirtus
361 3724 369 3761 ε
389 3714 417 3762 ot
430 3704 504 3761 seitls
529 3699 563 3759 de
575 3700 673 3757 talibus
691 3712 770 3769 quam
787 3698 821 3755 sit
844 3697 969 3770 frequens
985 3695 1053 3753 lame
1102 3708 1218 3772 utroque
1237 3698 1380 3768 falluntur,
1392 3702 1456 3773 quia
1478 3708 1506 3758 et
1530 3716 1637 3773 magum
1649 3718 1710 3760 esse
1723 3706 1827 3763 malum
1839 3716 1899 3775 est;

262 3812 323 3854 eum
334 3795 430 3862 laude;
444 3792 517 3865 quia,
530 3792 600 3849 sieut
612 3790 740 3859 scriptum
754 3795 805 3857 est,
820 3786 952 3844 Mutatur
965 3802 1050 3859 preeu-
1101 3798 1130 3847 et
1142 3804 1236 3862 magus
1255 3804 1308 3845 non
1322 3791 1375 3847 luit
1391 3790 1526 3859 Christus,
1539 3793 1601 3862 quia
1614 3792 1701 3850 bouus
1713 3804 1764 3853 est.
1775 3796 1902 3867 Quapro-

262 3889 340 3965 turiu
352 3885 482 3942 merlis
495 3884 588 3939 auimoe
598 3898 661 3947 sue,
674 3890 698 3936 et
708 3882 751 3953 qui
770 3881 857 3952 iniqua
869 3881 942 3953 perit,
955 3879 1051 3937 teudi
1101 3890 1161 3953 pter
1169 3882 1297 3954 quoniam
1309 3882 1344 3939 de
1362 3882 1407 3939 his
1421 3883 1546 3941 nihilhoe
1558 3884 1618 3941 loeo
1627 3886 1768 3943 dicendum
1781 3896 1839 3955 est,
1853 3888 1899 3961 qui

262 3981 329 4036 eitur
338 3976 423 4050 (Psoi.
436 3990 473 4043 ux,
486 3974 534 4047 ὅ).
548 3970 597 4029 iiie
608 3971 758 4028 laudatores
769 3970 991 4028 ttoniahunturin
1005 3970 1049 4029 ho
1099 3970 1236 4030 Christum
1248 3974 1400 4045 vituperent
1413 3983 1492 4047 atque
1500 3975 1686 4047 blasphemant
1698 3994 1706 4044 ;
1721 3977 1784 4049 quia
1797 3978 1834 4035 de
1845 3979 1901 4050 plo-

262 4068 389 4135 miuibue,
403 4064 603 4123 senioretus:
623 4062 722 4119 malum
735 4062 856 4119 estenim
873 4063 945 4133 quud
957 4063 1050 4119 bonon
1099 4064 1141 4121 tia
1155 4064 1212 4135 ejus
1235 4063 1379 4134 loquimur,
1402 4079 1454 4134 qua
1478 4073 1521 4124 est
1544 4065 1709 4139 plurltieatus
1727 4068 1755 4124 in
1770 4068 1899 4125 ntuudo:

262 4174 324 4217 esse
333 4156 454 4214 creduut.
464 4153 504 4210 llli
516 4161 605 4209 autem
618 4153 663 4223 qui
677 4152 728 4207 hoe
735 4151 808 4207 rnalo
819 4151 967 4222 largitionis
977 4152 1049 4209 uitio
1099 4169 1154 4211 uou
1165 4154 1392 4225 eumqloritiearit
1404 4156 1517 4226 Spiritus
1527 4166 1635 4215 sanetus
1646 4173 1711 4215 uera
1721 4160 1824 4231 gloria,
1839 4161 1892 4216 uisi

262 4252 286 4309 si
305 4258 374 4316 sunt,
390 4248 459 4303 tales
475 4248 566 4316 utique
588 4252 660 4310 sunt,
674 4243 766 4315 quales
789 4256 837 4300 eos
851 4242 878 4297 hi
892 4244 935 4314 qui
949 4242 1044 4305 laudan
1098 4244 1127 4302 lo
1141 4245 1262 4302 lioolesia
1281 4256 1372 4302 saneta
1392 4247 1532 4305 catholiea.
1553 4250 1622 4306 hlibi
1635 4251 1716 4319 euim,
1744 4250 1771 4308 id
1786 4261 1843 4319 est,
1856 4250 1902 4309 rel

263 4357 317 4399 non
332 4339 501 4411 suspicantur
512 4350 583 4403 esso,
596 4335 643 4391 sed
657 4342 780 4393 oeruuut.
797 4334 880 4391 Porro
893 4334 916 4391 si
934 4351 964 4392 se
982 4336 1050 4407 quis
1097 4339 1170 4410 apud
1187 4337 1338 4407 haereticos,
1365 4340 1408 4397 uel
1431 4340 1501 4411 apud
1524 4343 1654 4413 quosdam
1678 4358 1808 4417 paganos,
1833 4360 1900 4401 uera

263 4446 343 4507 quant
363 4430 463 4502 justum
478 4426 569 4499 hoqat,
588 4435 617 4483 et
628 4440 681 4480 non
699 4424 743 4493 sit,
765 4424 812 4481 sed
829 4433 912 4481 totum
929 4424 1049 4500 quidtpuit
1098 4432 1157 4502 eius
1169 4431 1196 4487 in
1216 4434 1295 4487 terris
1314 4431 1399 4503 gloria
1423 4446 1477 4489 nou
1498 4443 1587 4505 potest
1609 4451 1679 4504 esse,
1693 4436 1776 4494 etubi
1789 4438 1901 4495 uidetur

264 4538 354 4583 comm
368 4520 521 4577 hominibus
532 4516 701 4575 laudabiliter
711 4530 790 4589 aqera
803 4516 916 4585 uidetur,
932 4533 984 4576 uon
995 4533 1049 4592 aqat
1100 4534 1161 4579 esse
1171 4522 1296 4594 irequens
1310 4522 1344 4579 de
1355 4524 1477 4581 illolama
1489 4540 1551 4583 eum
1560 4527 1648 4583 laude.
1658 4527 1729 4585 Vera
1746 4544 1817 4601 ergo
1838 4531 1900 4601 ejus

263 4624 374 4691 propter
386 4614 481 4681 Deum,
496 4611 547 4667 hoe
558 4620 599 4665 est
611 4616 719 4679 propter
738 4622 828 4665 reram
847 4608 988 4682 justitiam,
1008 4626 1047 4667 set
1098 4613 1183 4684 gloria
1203 4614 1229 4667 iu
1245 4614 1364 4671 Ecclesia
1375 4614 1505 4671 catholica
1527 4616 1592 4671 sica
1604 4615 1735 4686 propheta
1747 4628 1878 4677 eantatur
1891 4636 1901 4675 a

265 4708 351 4767 oolam
363 4712 467 4778 querat
479 4710 508 4760 et
529 4700 620 4772 diligat
644 4699 679 4757 ab
699 4698 852 4757 horninibus
873 4700 1003 4772 gloriam3
1018 4702 1048 4759 ill
1098 4703 1305 4775 Enattareauper
1317 4704 1403 4772 eoetua,
1418 4702 1498 4773 Deus,
1508 4715 1616 4775 uesper
1625 4722 1724 4763 omnen
1733 4716 1832 4764 tet-rum
1840 4710 1902 4782 qlo-

263 4808 353 4859 autem
365 4797 436 4870 apud
456 4810 523 4868 quos
544 4792 670 4864 frequens
687 4792 796 4864 esteJus
816 4794 884 4849 lama
894 4793 1046 4863 oum'laudq
1097 4794 1139 4849 ria
1149 4793 1215 4861 tua(
1230 4791 1302 4848 Ptol.
1318 4806 1381 4861 cru,
1395 4792 1448 4865 6).
1467 4794 1535 4862 Quia
1547 4793 1636 4865 itaque
1649 4804 1709 4865 post
1719 4796 1777 4867 eius
1790 4800 1901 4855 exulta-

264 4902 318 4949 nou
329 4904 390 4947 eum
401 4894 495 4959 putent
513 4883 565 4942 nisi
578 4891 686 4955 propter
697 4881 782 4937 Deum
803 4882 969 4941 laudabiliter
982 4883 1047 4939 uiue
1099 4884 1199 4944 tionem
1221 4891 1349 4940 neuturus
1371 4892 1428 4939 erat
1445 4882 1560 4955 Spiritus
1571 4891 1689 4953 sancus,
1704 4893 1731 4942 et
1739 4902 1803 4942 eum
1816 4888 1903 4960 glori-

265 4996 306 5048 re,
320 4976 544 5037 noniahunturin
559 4975 658 5041 rutel
672 4972 797 5031 falluntur
811 4974 965 5031 inhontiue.
979 4975 1047 5045 Quor
1100 4974 1234 5040 damnus,
1258 4973 1310 5029 hoe
1329 4986 1405 5031 saeer
1429 4973 1560 5043 Psalmus,
1581 4972 1635 5031 hoo
1652 4976 1710 5047 ipse
1734 4975 1902 5049 unigenitus

265 5070 339 5131 enim
353 5071 452 5127 bouum
464 5082 524 5127 esse
535 5066 657 5132 eredunt,
672 5074 714 5121 est
726 5065 825 5123 bouum
837 5080 845 5134 ;
858 5065 905 5123 sed
914 5080 995 5137 quem
1009 5066 1050 5124 bo
1100 5066 1222 5139 promisit
1235 5063 1364 5132 loturum,
1374 5066 1447 5137 quod
1461 5066 1581 5121 uidemus
1595 5066 1746 5137 impletum.

265 5178 330 5221 nuru
354 5175 415 5219 esse
435 5158 557 5226 credunt,
581 5168 635 5214 noo
647 5164 689 5212 est
706 5157 803 5213 bouus.
816 5155 892 5225 Quod
905 5157 927 5213 si
938 5166 1048 5229 putetur,
1135 5161 1162 5216 4.
1181 5158 1257 5227 Quod
1267 5166 1354 5215 auum
1366 5158 1421 5223 ait,
1437 5155 1477 5213 De
1486 5172 1540 5213 mee
1552 5159 1676 5229 recipiet,
1689 5167 1714 5213 et
1723 5160 1899 5217 annuntiabit

264 5252 337 5310 uerbi
345 5250 440 5323 qratia,
450 5249 550 5305 bouum
562 5247 659 5304 artium
672 5247 766 5318 peritia
772 5248 944 5319 magicarum,
958 5256 986 5305 et
994 5248 1049 5307 dun
1099 5252 1187 5317 suia,
1201 5249 1340 5306 eutholiels
1358 5248 1447 5305 audite
1465 5249 1590 5316 auribus,
1608 5249 1747 5307 catholicis
1760 5253 1902 5323 percipite

264 5345 377 5415 quisque
390 5342 501 5414 patriam
512 5340 641 5398 liberasse
654 5338 755 5395 eisdem
771 5354 836 5409 quas
850 5339 958 5396 omniuo
973 5340 1050 5397 nesci
1100 5342 1243 5399 utentibus.
1254 5339 1312 5396 lion
1324 5340 1396 5395 enim
1410 5349 1559 5409 propterea,
1570 5339 1640 5397 sieut
1651 5341 1758 5413 quidam
1771 5340 1903 5402 haeretici

265 5435 368 5495 artibus
379 5433 507 5502 oreditm,
531 5432 698 5504 frequentent
709 5444 770 5487 oum
783 5429 860 5488 laude
874 5430 982 5499 laruam,
996 5447 1052 5503 qua
1100 5438 1278 5505 putauerunt,
1296 5429 1384 5484 minor
1398 5436 1442 5485 eet
1458 5428 1526 5484 lilio
1538 5429 1651 5500 Spiritus
1663 5442 1771 5489 sanetus
1785 5450 1795 5488 a
1820 5436 1904 5507 quasi

227 5594 230 5609 ι
263 5526 469 5600 qlorladehuita
480 5534 530 5593 est,
546 5524 615 5597 apud
623 5524 744 5579 hominos
757 5522 851 5595 impios
861 5530 1056 5595 consequatur3
1100 5522 1184 5580 Filius
1197 5520 1311 5592 accipiat
1327 5536 1343 5576 a
1358 5516 1453 5589 Patre,
1472 5530 1500 5578 et
1519 5520 1634 5593 Spiritus
1654 5532 1762 5580 sanetus
1788 5540 1807 5580 a
1828 5526 1904 5584 Filio

264 5664 421 5786 &uilitatem
432 5666 496 5722 itas,
507 5668 617 5725 qutuper
637 5668 717 5723 apstuu
734 5652 850 5707 chudhte
869 5668 897 5707 ue
915 5636 1057 5721 fidaeiure·
1098 5614 1750 5774 ᾞᾙίἑᾞὲἰῧᾚῶἓᾚζ
1761 5620 1903 5782 maz,
