4000 6359
131 320 199 379 pm
696 308 798 373 unna
817 306 950 371 entnos.

131 429 924 507 Uudeetbomlsuaaeptuagiutadnosdlseiputos,eaeeptia

130 506 183 561 iltis
200 507 336 576 primariis
354 502 499 573 apostolis,
518 504 629 573 elegisse
645 516 769 559 sermone
788 500 925 571 Evangelii

131 575 259 643 retertur,
273 592 321 647 per
330 590 398 646 quus
408 582 498 643 postea
511 574 538 628 iu
548 588 641 629 omnes
651 583 743 645 gentes
754 572 823 627 idem
836 572 924 627 Euan·

2 670 3 713 ι
131 648 228 717 pelium
243 646 431 717 praedicaretur
445 642 519 718 (hur.
536 660 563 707 x,
580 643 618 715 l).
630 644 658 698 lu
673 658 784 712 puerum
799 642 924 713 praeligu·

2 718 3 743 l
114 722 237 773 natione
252 717 332 772 etiam
347 716 429 789 llogsi
447 715 557 785 spiritus
576 714 601 769 iu
620 713 785 795 septuaginta
804 714 924 767 seniores
956 780 959 787 Δ

131 788 317 843 distribuitur:
333 796 360 841 et
369 787 428 841 aliis
439 784 543 841 duobus
552 785 596 855 qui
611 785 636 839 in
649 792 744 839 eustars
755 784 921 850 resederant,

131 859 233 915 Heldad
255 857 379 913 videlicet
397 866 425 912 οι
442 855 551 920 bledad,
573 855 631 923 ejus
649 854 757 925 spiritus
777 854 923 923 prophetie

131 930 231 985 donum
251 929 416 985 eorrdunutur
434 925 525 999 (Naar.
543 940 579 987 st,
600 924 645 992 at,
663 926 700 993 b).
715 925 832 1005 ortorum
847 924 922 1048 ‹puasi

131 1000 294 1055 haereditarii
303 1012 481 1063 successores,
493 996 525 1051 ad
537 996 709 1051 Ptolnmseum
721 994 857 1063 Ptnladelp
869 1010 921 1049 runt

131 1071 300 1125 Alexandriae
315 1084 405 1139 ιοςοιιι
420 1084 434 1121 a
448 1066 628 1137 pontilieihus,
641 1066 767 1121 Eleazaro
780 1066 881 1119 scilicet
895 1072 923 1121 ct

129 1142 251 1204 eeterts,
264 1142 310 1211 qui
324 1140 419 1194 eodem
437 1148 557 1205 ternprre
571 1134 724 1191 tnuaormn
739 1135 835 1203 pupulo
853 1150 921 1203 pre-

130 1220 224 1278 erant,
248 1211 414 1281 septuaginta
438 1208 586 1276 sapientes,
610 1208 655 1277 qui
680 1222 714 1263 er
740 1204 818 1261 lsrael
840 1206 923 1275 stirpe

130 1280 335 1345 descenderant,
351 1279 424 1351 autimi
435 1285 507 1346 sunt,
523 1289 550 1332 et
562 1277 713 1347 Scripturas
727 1276 841 1345 antiquae
857 1276 921 1347 legis

131 1352 157 1405 in
172 1367 289 1415 enectam
304 1350 439 1418 elozpuium
453 1356 654 1405 transtulerunt.
672 1348 769 1402 liarnnr
784 1362 846 1401 tero
861 1361 920 1400 out·

129 1422 203 1476 ninam
228 1421 377 1493 linguarum
401 1421 461 1475 troni
487 1418 648 1475 Testamenti
676 1430 812 1486 tempore,
838 1417 921 1472 tribnt

129 1492 237 1561 linguis,
252 1493 383 1547 hebraicos
393 1490 493 1561 utique,
505 1504 598 1561 gra-ear
609 1498 636 1543 et
647 1488 747 1553 latrum,
759 1486 921 1555 pt·incipatns

128 1562 321 1628 committitur;
337 1563 397 1631 guia
415 1562 440 1615 in
459 1560 498 1615 eis
510 1560 598 1615 crucis
608 1558 704 1613 Christi
720 1560 810 1613 titulus
826 1558 920 1613 litteris

129 1632 273 1700 hebraicis,
285 1634 379 1702 graecis
388 1642 415 1687 et
426 1629 513 1685 lautitiis
523 1630 647 1699 scriptus,
660 1630 814 1699 Euangeliou
830 1635 921 1682 auctet-

128 1703 207 1757 ritate
228 1704 384 1773 perhibetur
404 1702 493 1770 (loon.
517 1716 572 1762 xta.
592 1700 648 1772 eo).
668 1700 703 1754 ht
724 1714 786 1754 tero
805 1698 874 1753 tiens
892 1699 919 1755 ht

129 1772 180 1827 hnc
193 1784 286 1829 eorttru
300 1783 422 1828 naturam
435 1772 542 1827 humani
556 1770 654 1840 eloquii
668 1785 746 1837 auam
757 1768 820 1824 olim
831 1768 920 1840 dispo-

128 1844 191 1911 suit,
207 1845 244 1899 nil
259 1842 401 1899 dividendo
419 1855 446 1897 et
459 1840 644 1897 eotrluudendo
662 1840 765 1911 linguas
783 1839 919 1895 hominum

127 1922 154 1968 et
175 1929 314 1970 sermones
335 1913 413 1977 lecit;
431 1912 537 1984 quartdo
555 1910 674 1981 eirtsdem
694 1910 806 1981 loquelae
825 1922 919 1966 natura

128 1984 154 2038 in
168 1984 321 2040 itonainihus
332 1992 478 2055 permanet,
490 1983 540 2037 nisi
553 1981 623 2052 quod
637 1981 801 2037 connsuetudo
815 1980 919 2037 diversa

127 2054 235 2111 deniare
254 2056 288 2111 ab
311 2056 439 2111 alterno-e
462 2054 580 2124 linguas,
603 2069 655 2107 nun
678 2051 845 2118 naturaiiter,
870 2050 918 2109 sed

126 2126 360 2181 consuetudinarie
379 2125 466 2181 doect.
487 2125 595 2179 latinus
616 2138 729 2194 natuque
751 2121 793 2176 vel
809 2120 919 2178 Graecus

970 344 1005 356 -
1022 308 1203 371 hPPENth.

1699 317 1771 383 hid!

982 429 1072 512 distem
1089 432 1289 503 maturabant:
1308 446 1368 503 que
1387 432 1520 492 aturbato
1539 437 1611 500 lelle.
1624 450 1655 498 ut
1673 442 1771 501 rnediel

980 500 1083 567 ducunt,
1094 502 1271 583 egredientes,
1283 504 1347 560 salis
1360 514 1492 572 araturam,
1502 524 1582 578 quum
1594 511 1621 565 in
1636 512 1774 570 recondito

979 574 1575 643 naturaesmuconcipiunt,deoculisfluentes,
1584 581 1773 652 etiammporis

982 644 1201 712 comprobatione
1212 646 1365 703 ostendunt.
1382 648 1415 703 Et
1427 664 1479 704 raon
1492 650 1578 705 solnm
1594 651 1620 705 in
1636 652 1772 724 lacrymis,

980 712 1122 769 sedetiam
1146 718 1171 770 in
1185 717 1350 787 phlegmate,
1363 727 1390 772 et
1411 720 1476 773 tussi
1491 736 1618 787 expresso
1632 731 1711 791 sputo
1726 740 1759 794 pe

979 785 1061 840 cteris
1071 786 1182 853 sapitur,
1194 788 1264 857 nttod
1275 790 1337 843 salis
1348 798 1442 845 natura
1453 805 1501 861 per
1513 790 1658 847 humanum
1671 809 1770 863 eorpus

980 853 1123 910 inseratur.
1140 858 1236 912 Potens
1249 873 1312 930 ergo
1326 875 1413 915 rerum
1423 862 1595 927 garirernator,
1607 879 1669 917 enm
1684 875 1769 923 ιιιιιιιιι

980 923 1007 978 in
1023 934 1123 993 partem
1139 938 1202 981 vert·
1213 944 1241 983 re
1260 930 1348 999 eupit,
1363 932 1433 998 quod
1450 930 1477 986 in
1496 930 1598 987 ntodieu
1612 946 1688 1003 parte
1701 934 1770 992 late·

979 993 1040 1058 hat,
1062 1010 1109 1066 per
1130 1006 1214 1051 tartum
1238 998 1360 1054 initiandit.
1376 1002 1462 1069 home
1481 1002 1532 1057 hac
1545 1018 1577 1057 οι
1592 1020 1691 1073 eausa,
1706 1022 1769 1063 curu

978 1080 1088 1119 uxorem
1102 1066 1168 1121 Loth
1184 1068 1209 1121 in
1222 1077 1335 1124 statuant
1346 1072 1409 1124 salis
1419 1076 1527 1127 'uenere
1540 1074 1633 1141 voluit,
1649 1091 1709 1143 pars
1724 1076 1769 1133 illa

978 1136 1132 1191 tenuissima
1144 1138 1207 1193 salis
1221 1154 1280 1209 qnae
1293 1141 1365 1194 carati
1381 1142 1477 1205 iuerat,
1493 1152 1576 1199 tntum
1588 1162 1686 1215 eorpus
1701 1147 1769 1206 inis·

977 1206 1023 1260 cit.
1038 1206 1071 1261 Et
1082 1208 1116 1261 ita
1133 1208 1291 1273 factumest,
1306 1219 1334 1264 ut
1348 1212 1392 1281 qui
1406 1221 1483 1267 serto
1495 1214 1538 1269 die
1552 1230 1647 1271 omnes
1660 1225 1770 1277 natum

976 1277 1139 1333 constituere
1157 1282 1361 1345 cunsurnmavit,
1384 1282 1450 1337 nihil
1467 1299 1500 1341 es
1517 1286 1605 1354 aliqua
1626 1296 1720 1341 rtatttra
1740 1289 1768 1345 iu

976 1346 1056 1401 aliam
1070 1353 1213 1418 curtgessit,
1229 1351 1275 1405 sed
1290 1367 1503 1423 unamquamque
1520 1356 1547 1410 iu
1560 1358 1704 1427 sctnetipsa
1716 1375 1768 1430 go·
1873 1390 1880 1401 0

977 1417 1081 1482 herirat,
1095 1435 1173 1489 qrram
1186 1421 1212 1477 in
1226 1422 1309 1489 perintra
1320 1424 1471 1480 seruditione
1481 1426 1666 1482 corastituebat.

976 1487 1090 1544 untur
1106 1490 1160 1546 itti.
1174 1522 1211 1532 -
1224 1492 1262 1548 De
1277 1492 1344 1547 Suro
1357 1496 1528 1564 nonagenaria
1546 1499 1659 1569 periente
1672 1500 1766 1567 filium.

1011 1558 1112 1613 Eodem
1132 1562 1186 1617 iere
1199 1570 1319 1633 ιοιιιροιο
1336 1565 1449 1620 auratae
1465 1566 1538 1622 illius
1549 1583 1582 1622 ea
1597 1570 1766 1629 rnttllitudine

975 1631 1094 1697 gentium
1112 1631 1139 1686 in
1153 1633 1198 1689 Dei
1215 1634 1361 1689 amicitiam
1384 1635 1480 1703 electi,
1494 1636 1559 1693 Sara
1580 1640 1678 1695 sterilis
1698 1658 1767 1699 ntor

976 1699 1075 1765 tilium,
1089 1700 1162 1757 isaac
1176 1704 1293 1764 numiano,
1304 1703 1360 1774 iant
1375 1707 1553 1777 trorragenaria
1566 1712 1670 1779 peperit
1687 1710 1765 1785 (Ges.

975 1784 1031 1833 ιιι,
1046 1771 1073 1838 l,
1087 1770 1128 1842 2),
1142 1789 1203 1829 euru
1223 1774 1296 1829 iiiam
1315 1791 1399 1845 usqne
1417 1785 1522 1831 motem
1544 1794 1591 1847 per
1604 1788 1688 1835 toturn
1704 1782 1766 1839 vitae

975 1853 1031 1895 suae
1042 1844 1157 1913 spatium
1170 1846 1269 1901 sterilis
1281 1843 1340 1903 luit.
1355 1846 1408 1903 Sed
1424 1846 1476 1905 hoe
1488 1848 1566 1905 valde
1578 1853 1765 1921 eottveniebat,

974 1914 1631 2061 ttltP‘n“distitirathiabitio
1642 1920 1766 2050 aiibi

974 2053 1117 2122 nnitrptatis
1134 2056 1259 2127 crepidine
1278 2070 1443 2125 nasceretur,
1457 2060 1589 2131 praetulit;
1613 2064 1686 2120 illum
1710 2080 1765 2122 nou

974 2132 1114 2193 aetateque
1129 2126 1216 2181 solent
1230 2127 1336 2183 lumbrae
1351 2144 1455 2200 parare,
1470 2131 1497 2187 id
1511 2142 1563 2199 est,
1576 2148 1592 2187 a
1606 2134 1766 2191 duodecimo

128 2197 196 2251 inter
207 2196 363 2251 barbanieos
376 2197 480 2265 genitos
490 2196 531 2250 uel
545 2194 669 2258 nutritus,
682 2193 817 2247 barbarice
832 2192 918 2261 loqui-

128 2274 186 2329 tur;
203 2282 333 2337 versaque
346 2268 403 2321 vice
422 2266 525 2321 barbari
539 2264 630 2319 liliosa
645 2264 747 2319 Graeia
758 2274 802 2317 aut
817 2262 918 2319 Latinis

126 2336 253 2403 edoctrrs,
270 2349 381 2393 nertttsto
400 2350 524 2391 sermone
543 2335 621 2390 latur.
638 2333 679 2389 lis
695 2347 747 2404 quo
764 2333 919 2404 intelligitur

128 2406 209 2461 Deum
229 2424 284 2463 natu
306 2418 426 2462 naturam
447 2408 582 2461 hominnm
602 2416 728 2471 nautasse,
749 2418 802 2459 uon
820 2419 916 2459 norunt

127 2478 154 2531 in
166 2480 205 2534 eis
220 2478 318 2549 aliquid
338 2478 504 2545 eortdidisse,
521 2478 573 2531 sed-
586 2474 690 2531 dice'ndi
704 2484 804 2531 ιοιιιιιιιι
823 2474 917 2532 mtuos

974 2206 1045 2247 aranu
1064 2210 1148 2267 usque
1168 2196 1201 2251 ed
1220 2198 1451 2270 quadragesimum
1471 2216 1570 2257 notrum
1586 2218 1699 2271 οιιιιιιιιι,
1717 2205 1766 2262 sed

974 2264 1044 2344 tdtra
1058 2264 1127 2321 iltius
1139 2268 1338 2325 connsuetudinis
1353 2282 1438 2325 metas
1448 2274 1589 2340 parturiret
1602 2290 1610 2327 a
1622 2285 1651 2330 nt
1662 2276 1767 2334 scilicet

973 2334 1019 2390 dle
1032 2332 1119 2391 iulans
1134 2353 1187 2392 non
1201 2338 1287 2393 stilum
1301 2340 1369 2396 ultra
1383 2342 1631 2411 quinquagesimum
1645 2360 1766 2416 anuum,

973 2403 1111 2462 desinente
1129 2418 1221 2478 partus
1233 2408 1338 2479 udicio,
1359 2413 1405 2465 sed
1417 2412 1499 2467 ctiam
1510 2416 1681 2484 nonagesimo
1695 2431 1767 2475 anno

85 2543 89 2552 Ι
972 2487 1143 2544 nasceretur,
1165 2480 1304 2537 desinente
1326 2482 1467 2551 vtrlrrptatis
1489 2483 1633 2541 desiderio.
1655 2487 1691 2543 Et
1713 2488 1766 2544 hoc

126 2556 154 2603 et
166 2547 267 2604 leemas
282 2550 307 2603 in
323 2549 434 2604 diversis
445 2548 586 2617 generibus
601 2546 733 2601 divisisse.
972 2547 1093 2615 quamvis
1103 2560 1194 2603 eoattra
1207 2552 1438 2613 consuetudinem,
1454 2568 1508 2608 raon
1522 2563 1611 2611 huten
1635 2557 1766 2615 adversus

230 2618 344 2676 CAPUT
360 2618 394 2676 Χ.
407 2648 443 2659 -
455 2618 491 2672 De
511 2618 668 2673 Seduntitico
687 2616 807 2671 uindicta.
972 2626 1093 2672 naturam
1109 2618 1207 2674 tanetum
1219 2630 1260 2676 cst
1275 2640 1282 2677 :
1296 2623 1421 2692 quostiam
1436 2633 1464 2677 et
1476 2623 1500 2679 si
1514 2633 1606 2680 eontra
1619 2637 1765 2684 eonsuetu-

161 2688 258 2759 llagno
272 2690 368 2745 deinde
383 2690 509 2759 temporis
524 2689 662 2743 intervallo
678 2697 794 2756 peracto,
811 2686 836 2741 in
849 2700 916 2742 con·
971 2685 1062 2742 dinem
1081 2696 1122 2744 est
1142 2700 1171 2745 ut
1192 2691 1276 2760 pariat
1292 2708 1369 2760 antus,
1385 2692 1513 2749 adversus
1532 2703 1622 2751 ιοιιιοιι
1640 2710 1764 2754 narrarent

125 2759 189 2815 hnio
203 2760 308 2816 Arabiae
327 2770 354 2817 et
367 2761 515 2816 Palestinae
534 2759 649 2830 quinque
668 2757 761 2826 posite
783 2756 913 2823 civitates,
948 2762 951 2769 '
971 2772 1025 2812 non
1050 2766 1093 2815 est
1119 2772 1147 2814 ut
1171 2761 1198 2817 iu
1221 2769 1297 2826 utero
1321 2763 1439 2821 [crariuali
1459 2773 1583 2835 nascetur
1603 2767 1764 2841 quandoque

126 2828 253 2895 Sodoma,
269 2832 408 2893 Gomorra,
425 2831 537 2900 hdanta,
546 2830 663 2897 Seboim,
672 2840 699 2885 οι
713 2828 807 2899 Segnr,
826 2827 917 2883 locun·
971 2826 1051 2883 lilius.
1543 2828 1566 2842 “’
1732 2876 1736 2881 ,

125 2900 226 2957 dissimi
239 2903 288 2957 soli
300 2902 472 2967 habitatione,
483 2910 510 2956 et
523 2916 610 2956 rerum
624 2899 741 2955 anartium
753 2899 916 2955 abundantia
970 2895 1084 2956 CAPUT
1097 2900 1165 2957 xtti.
1174 2932 1210 2943 ·-
1222 2901 1261 2958 bs
1274 2913 1349 2976 peteo
1363 2920 1437 2969 onem
1449 2906 1510 2961 uidit
1523 2907 1593 2979 Aper
1610 2908 1692 2980 ejecto
1704 2926 1764 2966 ιιιιιι

125 2972 303 3042 perfruentes,
322 2972 532 3028 intentarenientis
556 2972 666 3027 luxurie
687 2978 714 3025 et
735 2968 866 3039 cupidinis
888 2972 915 3025 iu
1334 2975 1399 3043 pilio.

125 3045 310 3099 contractione
324 3042 404 3099 tritici
422 3043 561 3103 convicta.
577 3041 717 3096 deamaaieae
730 3040 852 3095 rirrdicte
866 3040 915 3095 ad·
1006 3040 1065 3109 Qtto
1079 3050 1203 3099 nascente
1221 3044 1275 3099 latio
1293 3053 1321 3100 et
1339 3046 1487 3114 ablactato,
1504 3049 1600 3105 andlla
1617 3051 1688 3121 Agar
1700 3066 1764 3108 con

125 3112 190 3167 itum

123 3197 203 3253 super
216 3200 263 3239 arsa
271 3192 325 3239 tuta
337 3200 396 3239 eum
409 3182 600 3239 habitatoribus
609 3182 916 3239 suisetanimantibuset
970 3178 1106 3239 desertum
1119 3184 1261 3241 deficiente
1273 3200 1353 3256 aqua,
1368 3194 1396 3242 et
1407 3188 1451 3244 siti
1463 3191 1592 3247 moriente
1604 3208 1665 3247 cunr
1679 3206 1764 3261 puero

125 3254 246 3321 urhibus,
261 3256 335 3326 regio
349 3254 462 3337 flagrans
475 3254 580 3336 arderet
594 3252 670 3326 (Gen.
686 3252 754 3335 ιιι).
770 3252 826 3335 iloc
840 3266 916 3307 trata·
971 3252 1070 3335 radens
1089 3256 1259 3339 laerguratur.
1280 3256 1333 3313 Sed
1351 3260 1446 3328 angelo
1461 3274 1521 3316 eam
1541 3262 1720 3332 compellante
1735 3272 1765 3319 ct

125 3322 916 3476 nonhabebitish„tttotti¹tt⁵itl¹h⁰tti
970 3323 1617 3475 itihinllldttthtnnnnc
1630 3340 1765 3458 until?

124 3476 193 3521 trent
205 3482 212 3519 :
222 3468 303 3537 etqui
313 3476 405 3522 cotnra
418 3465 635 3521 consuetudinem
648 3464 783 3519 hommum
796 3464 822 3519 in
834 3474 916 3533 turpe
970 3464 1060 3535 9-19).
1072 3468 1109 3522 lle
1123 3483 1175 3537 nuo
1183 3471 1306 3537 puteoita
1314 3470 1439 3551 reieyur,
1451 3482 1479 3526 ut
1491 3484 1537 3527 aut
1549 3483 1611 3527 tune
1618 3488 1764 3543 erumpens

124 3537 347 3607 concupiscentiae
360 3538 556 3607 perpetratione
569 3544 733 3599 exarserunt,
748 3546 840 3590 contra
856 3550 916 3590 con·
967 3534 1023 3605 jaun
1037 3554 1052 3591 e
1065 3548 1134 3591 terra
1145 3537 1281 3607 prodatur,
1294 3550 1341 3593 aut
1359 3555 1382 3594 st
1392 3541 1429 3597 ihi
1448 3552 1511 3597 ante
1521 3543 1611 3610 tuerit,
1623 3551 1685 3599 tuuc
1692 3545 1765 3613 Agar

124 3614 228 3661 suetam
249 3607 385 3663 huminum
400 3616 513 3662 mortem
529 3622 581 3661 non
599 3614 704 3660 terrena
720 3606 849 3672 vinidicta,
868 3605 916 3661 sed
970 3606 1050 3674 oculi,
1067 3617 1095 3661 ut
1107 3607 1220 3672 videret,
1233 3623 1312 3678 quem
1325 3620 1388 3665 atate
1402 3628 1454 3666 raon
1471 3619 1584 3681 poterat.
1599 3615 1762 3682 aperiantur.

123 3677 274 3734 eoetesunm
298 3678 397 3748 ignium
420 3676 553 3732 inlusione
571 3677 720 3731 arderent:
743 3682 771 3730 et
789 3676 832 3745 nui
851 3690 915 3745 pcc-
970 3676 1082 3733 carot
1096 3676 1211 3732 xlt-
1229 3677 1359 3734 branae
1373 3696 1448 3750 gnon
1464 3682 1593 3737 Abrohom
1609 3682 1697 3738 obtolit
1713 3699 1763 3754 pro
1833 3729 1839 3741 ι

123 3758 213 3803 artum
226 3763 305 3804 suum
327 3764 380 3803 narn
400 3748 486 3805 sulum
509 3746 643 3812 iaciendo,
657 3746 704 3801 sed
723 3747 802 3800 etiam
818 3746 915 3815 predi·
1336 3750 1401 3819 filio.
1496 3805 1499 3812 ,

122 3818 209 3874 sande
227 3820 313 3889 palam
331 3818 461 3887 leecrant,
483 3816 608 3873 infamem
626 3817 705 3871 vitam
721 3814 820 3871 taurese
838 3830 916 3887 pterea
1005 3816 1041 3873 Ut
1053 3825 1142 3873 autem
1154 3827 1295 3888 appareret
1310 3822 1390 3875 etiam
1411 3821 1563 3877 homiuibus
1580 3837 1660 3891 quarn
1676 3824 1763 3881 tidelis

122 3900 321 3945 consumerent.
337 3890 401 3959 Qnae
416 3890 529 3945 vindicta
546 3888 674 3944 tractenus
687 3886 840 3941 eorumdem
861 3896 915 3942 ter·
970 3884 997 3941 in
1023 3886 1075 3963 hei
1088 3890 1204 3943 amicitia
1228 3901 1394 3959 parmaneret
1413 3891 1558 3957 Abrabam,
1581 3894 1663 3947 hlium
1683 3908 1763 3950 suum

123 3973 180 4014 ram
201 3974 255 4016 non
274 3960 569 4030 deseruit‚dnmquali
590 3959 737 4030 persequi
760 3958 820 4013 talia
836 3966 917 4028 agunt
971 3955 1042 4013 isaac
1057 3973 1118 4013 ctum
1130 3969 1202 4015 esset
1212 3959 1268 4028 jam
1282 3960 1399 4029 adultus,
1418 3961 1515 4018 offerre
1528 3962 1580 4017 sihi
1595 3963 1621 4017 iu
1635 3964 1764 4021 holocau-
1828 3955 1834 3970 ’

121 4030 311 4100 subjacebunt,
327 4031 452 4086 ostendit.
468 4032 539 4085 inter
549 4033 612 4085 istas
624 4044 687 4084 veru
697 4028 763 4083 duas
779 4028 916 4098 primarias
970 4036 1041 4083 stum
1060 4044 1140 4099 super
1155 4044 1236 4085 uuum
1255 4032 1396 4095 montium,
1411 4047 1490 4103 quem
1509 4034 1534 4089 ei
1552 4043 1763 4104 monstraverat,

122 4098 150 4154 in
174 4104 275 4157 secuto
296 4117 403 4171 poerras,
424 4101 515 4156 diluvii
535 4100 635 4156 scilieet
654 4109 681 4155 et
700 4098 915 4167 Sodomitauam,
970 4097 1041 4153 betas
1056 4100 1190 4169 praecepit.
1207 4100 1258 4167 out
1269 4100 1407 4168 obediens,
1420 4102 1456 4158 ad
1469 4102 1557 4158 locum
1571 4119 1652 4174 quem
1669 4115 1763 4163 osteu-
1803 4107 1806 4113 ’

122 4169 183 4227 talis
196 4172 345 4237 differentia
359 4171 578 4243 deprehenditur,
593 4171 664 4241 quod
678 4186 745 4240 aqua
761 4184 812 4225 uua
830 4178 915 4239 terra,
970 4168 1048 4224 darn
1065 4170 1090 4225 ui
1103 4170 1187 4235 heus,
1202 4174 1256 4226 citu
1268 4173 1394 4241 perrexit,
1417 4185 1445 4228 et
1457 4183 1593 4244 assuptum
1609 4175 1691 4231 lilium
1706 4176 1763 4245 ium

122 4239 176 4311 igni
190 4242 276 4297 altera
293 4242 384 4313 punita
399 4243 519 4297 videatur
533 4260 540 4296 :
554 4258 606 4297 una
620 4242 681 4297 coeli
697 4256 774 4303 rore.
788 4250 816 4295 et
828 4241 915 4312 abyssi
968 4238 1077 4311 jantpue
1094 4242 1232 4298 immolare
1252 4243 1334 4313 coepit
1352 4259 1360 4297 ι
1377 4244 1424 4299 sed
1442 4244 1689 4316 elatmauteaugclo,
1708 4249 1765 4303 lilio

79 4314 87 4323 “
120 4313 193 4367 unda
209 4312 333 4378 diluitur;
347 4315 429 4369 altera
441 4314 518 4383 igneo
530 4312 625 4379 imbre,
641 4322 668 4367 et
680 4310 815 4381 sulphuris
824 4325 917 4381 super·
970 4326 1020 4366 suo
1031 4310 1173 4382 qtridqoam
1188 4312 1250 4367 muli
1264 4329 1298 4369 ne
1312 4312 1426 4381 iaoeret,
1436 4314 1492 4385 jaan
1511 4316 1582 4379 iuter
1595 4332 1691 4387 uepres
1706 4317 1764 4373 hae-

120 4382 227 4438 lusione
238 4383 388 4439 damnatur.
400 4384 454 4440 llus
465 4382 636 4439 anniciruulo
646 4381 723 4437 utrius
732 4390 915 4451 perruauente,
970 4392 1073 4437 rentem
1092 4382 1218 4438 cornibus
1232 4384 1342 4438 arietem
1353 4385 1435 4452 vidit,
1452 4402 1530 4451 auem
1544 4388 1639 4457 angelo
1651 4387 1764 4457 jubente

120 4460 194 4507 terra
205 4456 351 4525 retegitur,
366 4470 413 4525 per
424 4454 535 4510 alterna
547 4463 616 4508 terra
627 4462 654 4509 ct
668 4452 755 4507 adhuc
767 4453 916 4509 cessatione
972 4452 1156 4508 ltelnetustum
1171 4469 1220 4523 pro
1228 4454 1282 4509 lilio
1289 4454 1378 4509 statim
1388 4454 1485 4511 obtulit
1496 4454 1572 4528 (lien.
1588 4471 1658 4523 aaut,
1672 4458 1762 4530 hid).

118 4532 277 4579 maceratur
295 4542 302 4578 ι
317 4526 343 4579 in
357 4540 408 4581 una
424 4526 545 4580 naturaie
561 4523 648 4579 scelus
661 4525 687 4578 in
701 4522 852 4577 lrorrriuibns
867 4538 915 4592 pu·
970 4521 1023 4577 Sed
1034 4524 1160 4579 istearies
1169 4524 1313 4594 requiritur
1320 4524 1390 4580 urrde
1398 4526 1424 4581 in
1434 4527 1576 4583 solitudine
1584 4527 1761 4597 luitrotruru,

119 4593 206 4661 ruitur,
215 4610 265 4665 per
281 4597 392 4651 alterare
411 4594 564 4651 adinventio
583 4592 805 4664 concupiscentiae
825 4603 917 4649 contra
971 4602 1000 4646 ut
1012 4592 1119 4663 quidam
1132 4604 1272 4661 asserunt,
1287 4594 1358 4651 bune
1371 4597 1397 4651 iu
1413 4596 1459 4652 iila
1474 4600 1539 4654 hora
1552 4607 1622 4654 terra
1634 4599 1760 4667 protulit,

116 4666 343 4723 consuetudinem
363 4665 431 4721 lacta
453 4666 612 4721 vindicatur.
632 4665 660 4721 ln
683 4664 733 4720 ista
748 4678 811 4719 vero
829 4662 916 4719 Sodo-
970 4663 1105 4787 ‹puomodo
1118 4672 1145 4718 et
1157 4664 1184 4718 in
1198 4663 1328 4736 principio
1340 4682 1437 4738 pecora
1450 4668 1555 4739 gignitl
1566 4671 1607 4723 har
1620 4668 1712 4735 etiarn,
1728 4685 1765 4726 na

117 4736 225 4790 misena
237 4752 315 4806 prena
326 4738 360 4792 nil
371 4746 463 4792 eontra
475 4748 594 4793 natmanr
605 4736 674 4792 bens
687 4734 774 4791 lacere
787 4736 915 4801 cernitur,
971 4733 978 4788 i
992 4734 1035 4789 tud
1047 4748 1115 4805 opus
1130 4742 1190 4804 post
1201 4734 1274 4791 diem
1284 4746 1390 4793 sertum
1400 4740 1550 4795 etrndidisse
1563 4737 1597 4793 de
1608 4748 1679 4795 terra
1692 4739 1764 4796 licus

116 4822 183 4861 cunr
195 4807 312 4877 desuper
321 4822 400 4863 aereo
413 4806 494 4879 ignito
507 4808 552 4864 iilo
565 4810 663 4879 spatio,
684 4806 782 4862 insoliti
792 4806 918 4863 desiderii
971 4804 1086 4873 dicetne,
1100 4805 1181 4860 istum
1194 4807 1305 4862 arietem
1316 4807 1443 4864 detulisse
1452 4808 1577 4879 angelum
1589 4808 1695 4864 aliunde
1704 4824 1764 4865 cre·

115 4879 205 4932 ardor
219 4878 406 4934 inhartunatur.
971 4875 1067 4939 dimus,
1084 4890 1138 4944 uuo
1158 4876 1238 4932 rrtodo
1251 4887 1279 4933 οι
1297 4878 1446 4949 Philippum
1462 4880 1574 4949 angelus
1589 4880 1624 4934 ah
1637 4880 1764 4937 eunucho

114 4946 238 5004 CAPUT
253 4948 298 5004 nt.
311 4978 348 4991 -
361 4948 398 5003 lla
409 4964 486 5004 neore
499 4946 565 5005 tort
577 4948 603 5003 in
618 4958 726 5003 statuum
738 4948 799 5003 solis
811 4957 916 5002 ulutatu.
971 4946 1107 5001 transtulit
1121 4947 1147 4999 iu
1161 4946 1273 5003 Azotum
1284 4947 1343 5022 (det
1363 4967 1421 5015 urat,
1434 4950 1492 5020 59),
1502 4960 1531 5006 οι
1543 4952 1576 5006 ad
1588 4949 1725 5005 Danielem
1735 4951 1764 5008 ia

157 5018 198 5075 De
220 5034 271 5089 qua
296 5031 464 5091 pcccatorum
491 5021 563 5091 ptlaga
587 5020 656 5075 Loth
680 5019 728 5074 bei
753 5034 847 5074 servus
871 5034 918 5088 per
971 5016 1133 5087 babylonem
1156 5017 1280 5075 llabaetm
1303 5021 1470 5076 transtulisse
1491 5023 1525 5075 ad
1548 5020 1635 5077 laeum
1656 5020 1764 5078 leuatum

114 5090 243 5159 hrtgelos
263 5092 380 5157 eruitur;
395 5091 441 5146 sed
460 5090 532 5146 illius
551 5104 617 5145 utor
636 5104 669 5145 ne
686 5098 758 5144 retro
774 5088 918 5161 respiceret
970 5088 1057 5143 lentur
1070 5090 1180 5157 angelus
1192 5088 1273 5160 (dna.
1286 5106 1342 5155 ιιι,
1357 5090 1415 5159 obl.

109 5159 206 5233 jussa,
221 5161 285 5215 dum
300 5162 416 5231 respicit,
432 5162 457 5216 ln
472 5162 536 5217 salis
547 5171 661 5216 statutam
677 5158 804 5215 solidatur
818 5164 827 5230 l
842 5158 917 5224 Gen„
970 5156 1084 5215 CAPUT
1100 5160 1155 5215 h'll.
1172 5188 1209 5201 -
1222 5159 1260 5216 lle
1275 5160 1356 5216 tacet
1374 5170 1398 5216 et
1418 5158 1536 5229 teupt3
1556 5178 1636 5233 pum
1653 5178 1720 5217 ιιιιιιι
1737 5164 1767 5220 itt

110 5246 181 5297 arx,
195 5232 238 5293 tr.
250 5231 308 5304 bd),
318 5232 428 5302 utcujus
440 5233 512 5287 visus
521 5248 572 5288 nou
581 5240 639 5287 erat
649 5232 773 5286 immunis
785 5246 818 5285 er
833 5230 919 5300 entpe
1029 5240 1096 5284 terra
1108 5232 1323 5302 repromissionis,
1339 5230 1404 5285 alter
1415 5231 1443 5286 in
1456 5230 1572 5306 AEggpte
1643 5235 1714 5289 litor.

111 5302 279 5368 consortio,
303 5314 416 5359 mortem
443 5303 560 5373 elingere
586 5318 637 5357 non
664 5311 773 5373 posset,
798 5302 919 5370 queraris
1002 5300 1072 5357 laude
1093 5302 1166 5357 isaac
1187 5312 1331 5374 generante
1352 5300 1421 5357 lilios
1443 5301 1526 5358 lactab
1543 5312 1571 5361 et
1617 5320 1665 5360 sau
1687 5304 1765 5378 (Gerr.

134 5382 237 5442 ropter
258 5372 323 5445 justi
342 5373 546 5431 coartubernium
568 5384 644 5428 eruta
670 5374 705 5427 sit
731 5373 764 5427 de
786 5372 917 5433 incendio.
972 5387 1041 5437 xxv,
1054 5370 1113 5443 25),
1127 5372 1765 5448 lacobduodecimPatriarehasgenerautelld.

192 5442 256 5500 dum
277 5444 327 5499 hae
343 5443 637 5517 temperantiaque
655 5443 721 5499 nibil
733 5443 761 5497 iu
781 5442 828 5498 bei
843 5458 918 5499 erea-
970 5458 1057 5509 xxxv,
1072 5441 1182 5517 ἳὶ-ἳὸ),
1196 5444 1289 5500 decem
1307 5446 1403 5499 tratres
1421 5444 1571 5502 invidentes
1588 5446 1689 5517 loseph
1702 5464 1767 5513 aere·

108 5524 181 5571 tura
196 5524 290 5571 corttra
304 5526 426 5571 nattrram
441 5519 490 5581 sit,
507 5517 553 5571 sed
569 5517 647 5570 insita
663 5524 755 5569 natura
772 5529 878 5584 semper
891 5512 919 5569 iu
971 5514 1098 5570 uiderem
1116 5518 1142 5571 in
1157 5514 1302 5585 AEgpptum
1317 5511 1373 5598 (tt.
1389 5530 1496 5581 austu,
1512 5514 1575 5587 28);
1587 5518 1633 5589 qui
1648 5520 1675 5573 iu
1694 5527 1774 5576 terra·

105 5586 439 5658 onrnihusguberuetur;
453 5586 577 5657 penaliter,
590 5601 656 5641 uxor
668 5586 734 5641 Loth
746 5599 805 5640 cunt
820 5586 845 5639 in
856 5586 920 5639 salis
972 5587 1193 5656 peregrinationis
1211 5594 1239 5640 et
1258 5586 1418 5657 capacitatis
1436 5601 1492 5642 stam
1514 5590 1628 5645 satutem
1644 5590 1767 5659 gentihus
1801 5648 1807 5656 ,

105 5668 240 5714 naturam
255 5660 377 5725 vertitur,
393 5658 499 5713 trunrani
514 5657 634 5727 corporis
647 5663 740 5711 rtattrra
756 5656 782 5711 in
796 5656 845 5710 hae
860 5673 919 5709 ιιιιι-
973 5669 1103 5726 prestans
1116 5658 1149 5711 ad
1163 5654 1380 5727 quaspervenit,
1396 5656 1479 5712 totius
1490 5658 1566 5731 regui
1578 5658 1767 5732 AEgyptioruot

104 5728 227 5784 tatione
240 5728 424 5799 gubernarunt
440 5728 509 5785 Salis
524 5728 603 5801 igitur
622 5736 742 5783 nattrram
763 5728 789 5783 in
805 5726 920 5783 hurnmro
973 5727 1215 5799 dispensationem,
1229 5740 1255 5785 et
1268 5728 1415 5785 dominium
1431 5741 1510 5786 terrae
1521 5728 1630 5803 AEgpptt
1644 5733 1767 5804 aceepit,

102 5811 240 5873 corpora
253 5814 312 5859 esso
322 5800 413 5860 auhn
423 5800 549 5873 ambigit,
562 5800 606 5874 qui
619 5800 796 5873 lacrymarum
811 5809 919 5859 sannu-
974 5798 1012 5855 ita
1026 5808 1055 5857 ut
1071 5808 1099 5858 et
1117 5808 1222 5872 patrem
1240 5814 1302 5859 curu
1321 5801 1394 5867 otuu
1412 5798 1492 5859 douo
1512 5817 1562 5861 aua
1579 5804 1606 5861 iu
1620 5801 1770 5885 AEgyptmn

205 3115 400 3238 prebareruuu
415 3114 449 3168 ita
469 3122 497 3167 ut
513 3112 642 3167 imbribus
656 3111 723 3183 iguis
738 3120 766 3166 et
781 3110 916 3181 sulphuris
970 3108 1028 3166 filio
1038 3127 1087 3169 suo
1101 3112 1195 3170 ismael
1214 3116 1259 3185 gui
1275 3116 1347 3186 prior
1361 3127 1492 3175 natusest
1509 3120 1624 3188 ejicitur,
1639 3137 1699 3192 que
1712 3136 1764 3194 per
