4000 6359
137 306 209 368 2125

137 425 234 502 gladius
245 437 368 494 mranr,
382 428 411 475 nt
433 414 531 475 relinet
546 430 634 489 pacem
660 414 694 471 dr
709 422 796 481 terre:
818 412 921 470 scilicet

136 513 210 557 anam
223 508 326 565 pacem,
338 492 390 547 hoc
398 498 439 546 est
450 489 624 544 mundanam:
636 502 697 541 uam
709 484 828 540 Ecclesia
842 493 922 541 zeter·

137 584 196 625 nam
211 580 313 637 pacem,
326 578 404 634 quam
418 561 467 616 sibi
480 558 602 616 Christus
614 556 739 626 reliquit,
761 555 918 611 lrabetdlic·

137 649 162 693 ut
177 653 238 709 ergo
259 649 337 703 supra
351 633 521 697 dictumest,
541 644 638 698 equum
660 628 747 681 albium
771 625 918 681 Ecclesiam

136 709 213 771 dicit;
227 719 357 761 sessorem
368 704 436 771 ejus,
446 701 581 757 Christum
594 699 636 755 uel
647 697 773 767 Spiritum
786 704 917 754 sanctum

137 783 218 835 llrcus
231 792 308 844 quem
323 776 430 830 tenebat
449 774 476 828 iu
491 787 588 833 mauu,
611 776 741 855 praecepta
758 770 818 838 ejus
835 776 915 852 suut:

134 843 488 985 attumulatus
502 842 918 967 a.

136 989 241 1045 direcsu
253 995 324 1043 ειιιιι.
338 986 441 1042 Corona
456 985 482 1039 in
502 984 588 1052 capite
602 982 676 1052 ejus,
698 992 840 1048 prouussto
856 988 918 1037 nte

135 1070 238 1115 retentae
250 1064 300 1113 est.
315 1059 418 1127 Equum
432 1054 530 1120 utrium,
545 1052 644 1108 tunicum
660 1052 801 1121 populum;
829 1064 918 1106 sesso·

134 1146 188 1184 rcnr
201 1132 270 1197 eius,
285 1127 418 1183 diabolum
432 1144 439 1181 :
452 1140 531 1195 quem
544 1124 603 1177 ideo
612 1122 678 1177 dixit
691 1122 788 1186 rulum,
803 1122 916 1191 eoquod

133 1201 272 1254 multorum
292 1206 364 1253 essct
386 1197 513 1265 sanguine
534 1192 704 1249 rubicundus.
729 1190 806 1259 Quod
827 1199 916 1247 autem

131 1270 206 1325 datus
219 1272 262 1325 ‘est
275 1271 299 1325 ei
313 1266 416 1339 gladius
427 1272 530 1331 acutus,
545 1273 572 1321 ει
582 1264 675 1319 tollere
685 1277 776 1331 pacem
788 1261 821 1315 de
835 1271 915 1331 terra,

132 1340 180 1395 lucc
192 1348 246 1406 εει,
261 1340 330 1411 quod
344 1338 449 1393 diabolo
459 1335 585 1391 suadente
597 1377 604 1396 ,
617 1334 738 1389 Ιιοιιιίιιεε
747 1333 808 1387 mali
818 1332 917 1417 iugiter

132 1411 198 1465 inter
212 1426 241 1465 se
256 1412 314 1465 lites
327 1420 354 1463 et
366 1406 511 1463 discordias
523 1420 607 1476 usquc
619 1405 653 1459 ad
667 1415 777 1459 mortem
800 1410 916 1459 ειειιιιε

131 1496 181 1534 nou
192 1489 307 1537 cessant.
322 1481 355 1534 Et
366 1479 392 1533 iu
402 1492 472 1547 equo
482 1478 567 1546 nigro,
579 1476 735 1545 intelligitur
748 1472 859 1544 populus
880 1476 917 1529 si·

130 1551 222 1615 nister,
236 1550 344 1606 diabolo
360 1548 540 1604 consentiens.
560 1546 636 1615 Quod
656 1554 762 1611 autem,
788 1544 915 1599 Steterunt

129 1620 230 1675 lrnlrlct
240 1623 271 1675 in
284 1638 370 1687 manre,
385 1618 436 1673 hoc
446 1618 516 1681 ideo,
529 1618 590 1687 quia
604 1617 666 1670 rium
687 1631 717 1670 se
737 1612 838 1685 lingunt
853 1616 913 1669 mali

126 1690 232 1761 justitiae
242 1692 339 1747 libram
350 1700 451 1756 tenere,
466 1689 505 1743 sic
520 1688 674 1758 plerumque
683 1686 826 1755 decipiunt.
837 1684 914 1753 Quod

129 1762 208 1821 llicit.
226 1762 320 1816 Vinum
342 1770 365 1815 et
385 1760 467 1814 oleum
489 1758 640 1822 ncloererir,·
668 1757 694 1811 iu
723 1756 787 1809 uiuo
807 1756 914 1826 sanguis

128 1832 234 1893 Christi,
254 1834 279 1887 in
292 1832 352 1888 oleo
366 1831 454 1885 urrctio
469 1829 619 1884 chrismatis
635 1826 800 1897 intelligitur.
815 1824 843 1879 lu
866 1826 914 1881 tri-

128 1902 178 1957 tico
189 1904 232 1959 νει
247 1902 360 1965 hordeo,
374 1909 427 1955 teta
442 1898 561 1954 Ecclesia
574 1898 669 1953 sivein
686 1898 789 1967 maguis
810 1898 866 1951 slve
885 1897 912 1953 iu

127 1974 253 2039 minimis,
266 1981 312 2028 aut
322 1980 396 2027 certe
408 1971 434 2024 iu
450 1968 598 2039 prepositis
616 1977 643 2023 et
654 1969 680 2023 iu
691 1968 795 2039 populis
818 1983 824 2018 :
845 1974 873 2021 ει
885 1968 912 2023 in

126 2058 193 2113 equo
204 2042 310 2113 pallido,
326 2042 449 2096 immines
460 2040 642 2109 intelliguntur
656 2036 734 2105 mali,
750 2037 794 2107 qui
817 2052 911 2108 persc-

126 2114 244 2170 curiones
253 2114 369 2169 excitare
382 2123 435 2166 ucu
449 2108 583 2165 desinunt.
607 2109 651 2164 lsti
668 2118 723 2163 tres
744 2108 805 2177 equi
828 2122 910 2162 uuum

126 2194 203 2248 srrut,
218 2186 265 2255 qui
277 2184 399 2240 exierunt
413 2190 473 2251 post
486 2180 573 2235 :elbum
589 2186 716 2235 etecutra
738 2178 828 2231 albiam
852 2194 859 2231 ε
884 2187 912 2234 ει

125 2267 256 2310 sessorem
271 2254 367 2311 habeut
380 2251 533 2315 diabolum,
548 2250 592 2323 qui
607 2258 649 2305 est
663 2261 744 2302 mors.
758 2246 825 2302 Tres
847 2262 911 2317 ergo

66 2344 73 2363 ·
126 2324 195 2391 equi,
211 2324 296 2380 lauces
314 2332 342 2381 et
362 2322 430 2377 bella
449 2331 476 2376 et
501 2322 585 2389 pestis
603 2319 786 2388 intelliguntur
809 2334 815 2372 :
839 2319 910 2389 quod

124 2394 202 2451 etiam
216 2396 342 2451 Dominus
352 2395 379 2448 iu
392 2391 535 2463 Evangelio
548 2388 740 2460 sccprndirit,
750 2401 810 2459 qum
819 2398 846 2442 et
855 2388 910 2456 iam

126 2462 200 2527 liunt,
216 2474 245 2523 et
256 2466 410 2521 imminente
420 2462 464 2517 die
484 2461 576 2530 judicii
596 2458 709 2528 amplius
728 2460 814 2511 lutura
836 2468 907 2513 sunt.

123 2532 198 2601 ercrd
211 2545 299 2591 autem
312 2531 586 2590 diritsevidissesul)
607 2543 652 2584 ara
671 2526 717 2581 llci
743 2528 846 2581 animas
867 2530 910 2583 in.

124 2604 304 2669 tollenonum,
317 2614 448 2675 martyres
460 2600 651 2671 intelliguntur.
667 2596 743 2665 Quod
760 2606 849 2652 autem
868 2596 910 2652 di·

121 2672 166 2734 td.
183 2674 360 2732 Terroemotnr
377 2690 500 2744 nmqnur,
527 2669 676 2739 persecutio
695 2666 837 2721 rrovisstna
856 2676 907 2750 est.

120 2742 376 2811 dsscendentem
391 2744 488 2799 lactum
513 2742 634 2809 nigrum,
649 2748 676 2793 et
693 2738 781 2791 lunam
800 2750 909 2809 sangui-

121 2828 210 2882 neam,
224 2827 253 2871 et
265 2816 357 2871 stellas
376 2812 503 2869 cecidisse
525 2810 558 2865 de
578 2810 665 2874 coelo;
689 2806 729 2862 sul
749 2816 776 2863 et
799 2806 862 2862 luna
882 2816 909 2863 et

118 2886 212 2952 stelle,
223 2886 344 2942 Ecclesia
354 2894 396 2939 est
406 2884 432 2937 iu
445 2890 501 2937 toto
513 2881 579 2937 orbe
595 2879 700 2935 dillusa.
722 2876 800 2945 Quod
818 2887 907 2932 autem

117 2953 182 3010 dicit
193 2956 340 3020 cecidisse;
355 2970 409 3009 uon
424 2961 477 3009 tcta
487 2950 594 3017 cecidit,
613 2949 660 3033 sed
684 2963 699 3002 a
759 2960 801 3031 rte
823 2956 907 3003 totum

117 3021 284 3094 intelligitur.
299 3026 327 3081 ln
342 3025 415 3079 omni
437 3022 507 3080 euim
526 3030 712 3090 persecutione
764 3033 791 3072 ur
814 3032 907 3085 perse-

117 3104 222 3157 verant.
236 3104 264 3153 ει
278 3095 340 3151 mali
352 3094 428 3164 quasi
441 3093 474 3149 de
485 3091 564 3158 ereio,
578 3090 605 3146 id
620 3100 662 3145 est
678 3090 712 3143 de
724 3088 842 3144 Ecclesia
863 3102 909 3143 ea·

18 3198 27 3220 .
117 3162 193 3220 dunt.
209 3165 328 3235 Denique
342 3164 470 3235 sequitur,
486 3160 558 3217 Sient
567 3162 631 3227 ficar
640 3158 716 3213 mittit
732 3174 832 3231 morsm
848 3174 908 3215 racc

116 3249 174 3287 cnm
187 3252 203 3287 n
215 3237 409 3301 ucntcaqitctur
430 3250 439 3286 .·
466 3232 505 3286 sic
516 3231 551 3287 de
569 3231 687 3287 Ecclesia
712 3229 810 3285 cadrrnt
833 3228 906 3296 mali,

117 3305 224 3369 quaudo
237 3322 285 3375 per
298 3292 413 3374 aliquam
425 3302 620 3358 tumulationem
637 3300 734 3354 luerint
743 3298 905 3354 conturbati.

117 3372 193 3441 ouon
206 3387 295 3433 arrteur
315 3375 412 3431 coelrrm
434 3372 545 3429 recessit
565 3380 594 3425 ut
615 3370 700 3435 liber;
725 3370 844 3425 Ecclesia
865 3378 908 3425 εει

117 3457 177 3513 quac
187 3454 327 3516 separatur
340 3461 356 3499 a
370 3444 464 3507 malis,
478 3449 506 3497 et
517 3443 589 3495 rclrrt
598 3440 664 3497 liber
673 3439 823 3504 inuolatus,
840 3454 906 3494 con·

118 3514 184 3571 tinet
198 3518 225 3572 in
238 3532 268 3573 se
280 3516 328 3572 sibi
344 3525 405 3571 uota
418 3514 506 3568 divina
518 3526 543 3565 m
562 3512 652 3566 steria.
664 3508 740 3576 Quod
760 3519 847 3563 auteur
862 3508 905 3564 dl-

117 3583 163 3650 cit,
177 3585 258 3657 quer
268 3596 341 3642 terrm
353 3589 481 3657 fugeruut,
495 3592 518 3636 et
528 3526 710 3636 adscenderunt
719 3596 746 3634 rc
766 3580 792 3633 in
803 3580 907 3648 spelun-

117 3654 152 3709 cis
162 3665 253 3721 terrm·
265 3656 316 3711 lroc
328 3655 458 3725 significat
470 3651 541 3723 quod
557 3660 626 3707 totus
642 3650 756 3705 muudus
779 3648 805 3703 iu
829 3648 906 3705 bouis

117 3733 144 3777 et
156 3726 397 3797 sarrctisreiugiuua
415 3723 553 3779 lrabiturus
571 3730 612 3778 est
634 3722 666 3774 ad
695 3719 850 3785 Ecclesiam,
877 3729 906 3775 ut

116 3795 166 3847 sub
179 3798 239 3866 ejus
250 3798 414 3867 protectione
427 3794 595 3857 constitutus,
613 3790 754 3861 peruenire
767 3790 850 3859 possit
871 3790 904 3845 ad

117 3863 196 3921 uitam
235 3876 381 3931 remmam,
404 3865 549 3919 ausiliante
582 3862 695 3917 llomiuo
723 3871 816 3916 nostro
841 3860 906 3915 Jesu

115 3930 235 4057 ξιιίειο,
256 3938 302 4011 qui
321 3938 426 3993 uiuitet
447 3942 541 4005 regnat
564 3933 592 3989 in
616 3932 714 3989 ειεειιΙι
735 3931 903 3988 seculorum.

138 4021 208 4064 ntea.

424 4090 531 4130 ιιοιιιιιι
550 4090 588 4129 ur.

149 4143 205 4217 [lu.
218 4163 316 4203 ur-nrr.
347 4146 379 4200 Et
392 4148 444 4201 cidi
460 4146 565 4199 alterum
591 4160 623 4197 an
642 4143 709 4197 clam
732 4142 905 4198 accendentem

114 4214 144 4271 ai
156 4231 214 4273 crta
226 4219 298 4272 solie.
335 4218 425 4271 lteram
434 4216 550 4287 crtqelum
563 4160 685 4269 earrrdem
701 4212 845 4268 Ecclesiam
859 4227 904 4266 ca-

115 4286 240 4344 lcidicam
254 4287 378 4368 iutelligit
394 4304 401 4339 :
414 4285 445 4339 ab
456 4294 512 4338 ortu
524 4284 594 4344 colis,
610 4299 624 4337 a
640 4284 763 4353 passione
775 4291 802 4338 et
814 4297 904 4337 resur-

113 4358 232 4415 rectione
245 4358 349 4412 Doruiut
369 4356 526 4411 clamantem
548 4362 661 4423 quatuor
684 4354 785 4421 angelis
811 4362 901 4407 terrae.

114 4422 279 4484 Eretricum
292 4444 351 4482 acce
359 4443 400 4480 ma
419 4443 452 4481 na
464 4426 549 4480 dicens
562 4433 670 4493 quartuor
683 4423 788 4493 angelis,
812 4422 902 4489 quidus

114 4494 173 4550 date
183 4511 220 4554 ert
236 4506 344 4567 pateram
359 4444 591 4551 andreamque
610 4508 704 4551 errare:
722 4490 764 4545 Νε
787 4491 902 4546 inseritis

114 4571 214 4633 ιειτιιιιι,
231 4585 308 4637 neque
321 4584 400 4621 amre.
415 4566 518 4649 Accipit
528 4573 616 4617 auteur
629 4561 745 4646 gladium
771 4559 902 4642 generali-

114 4640 164 4701 ter,
178 4642 237 4695 sire
246 4648 338 4693 contra
351 4652 418 4707 iquos
428 4638 454 4690 iu
465 4646 518 4690 urta
529 4634 669 4695 iuterllcrt,
683 4632 738 4687 sire
752 4646 819 4702 qum
830 4638 902 4685 tuter

114 4718 140 4757 te
154 4721 203 4775 pro
218 4710 298 4764 mous
308 4706 496 4776 temporalibus
510 4720 594 4771 rusque
610 4704 644 4757 ad
667 4712 780 4757 mortem
799 4701 901 4771 litigare

114 4780 264 4842 persuadet.
274 4780 311 4834 lle
321 4779 399 4833 tertio
409 4776 495 4847 sigillo
504 4775 568 4829 dicit
578 4789 675 4844 equum
688 4775 791 4843 nigrum
801 4772 899 4838 exisse,

114 4848 318 4916 acquiescebat
332 4862 485 4916 supereum
502 4844 614 4900 uoluunt
629 4844 656 4898 iu
678 4858 757 4897 mauu
772 4856 819 4896 sua
842 4850 897 4895 ata·

116 4921 198 4973 leram
214 4938 221 4973 :
236 4918 350 4980 Libram,
365 4918 459 4987 iuquit,
470 4915 610 4971 ltrrdelctln
624 4929 700 4967 rrmnn
714 4929 777 4980 run,
793 4912 818 4965 id
843 4919 898 4978 est,

113 4997 225 5046 examen
239 4988 389 5072 equitatis3
407 4988 468 5055 quia
485 4986 548 5040 dum
563 4985 638 5054 lirrgit
655 4998 685 5039 sc
702 4982 831 5052 justitiam
858 4990 900 5036 te·

39 5082 43 5088 ’
112 5067 185 5123 nere,
197 5076 246 5127 per
260 5058 456 5115 simulationem
470 5055 550 5111 laedit.
563 5054 632 5109 Ῑιιιιιι
650 5062 738 5109 autern
758 5053 784 5107 iu
811 5052 899 5107 medic

112 5126 275 5193 animalium,
288 5128 313 5182 id
325 5136 368 5183 εει
380 5128 406 5183 iu
421 5127 508 5181 medio
522 5126 649 5182 Ecclesiae
661 5124 773 5187 dicitur,
788 5120 830 5178 Ne
852 5122 899 5178 te-

112 5198 187 5259 reris:
211 5198 361 5255 ostenditur
386 5198 455 5269 quod
484 5196 635 5264 spirituales
660 5193 783 5263 nequitiae
804 5202 899 5263 poten-

113 5263 174 5321 tiam
185 5272 211 5324 in
227 5285 318 5326 seruos
332 5267 379 5322 lici
395 5283 446 5321 riou
457 5266 565 5331 Ιιιιιιειιι,
578 5265 629 5320 uisi
641 5280 656 5319 a
671 5266 725 5319 lieo
736 5263 898 5331 acceperint.

118 5330 208 5395 Vitium
225 5350 247 5395 et
265 5340 349 5394 oleant
359 5353 390 5392 ne
403 5338 497 5391 terem
510 5354 519 5391 :
532 5338 559 5391 iu
570 5340 631 5390 uiuo
652 5344 679 5390 et
696 5336 764 5399 oleo,
793 5334 898 5388 tructio-

114 5418 173 5463 uem
191 5410 342 5467 chrismatis
356 5417 383 5464 et
394 5410 548 5477 sauguinem
561 5407 683 5471 comtum
699 5406 726 5460 iu
741 5404 829 5459 tritico
851 5420 899 5458 au-

113 5485 163 5528 ιιιι
192 5491 219 5536 et
247 5480 348 5535 hordeo
380 5478 523 5535 Ecclesium
546 5476 632 5544 dixit,
654 5476 711 5532 siue
738 5477 765 5530 in
797 5475 899 5545 magnis

112 5560 166 5599 sne
192 5552 219 5607 iu
281 5551 334 5605 ruis
361 5548 537 5615 Christianis,
565 5546 669 5602 sivein
697 5545 844 5615 praepositis
871 5553 899 5600 et

113 5621 225 5689 popidis„
304 5629 399 5693 quarto
420 5618 527 5693 sigilla,
554 5616 638 5691 Equus
659 5616 781 5690 pallidas.
799 5614 834 5671 et
854 5615 899 5689 qni

144 5771 406 5836 ‘meramnum
439 5778 444 5786 ⁴
493 5768 496 5771 ’

858 290 1040 349 ΑΡΡΕΝΜΧ.

1692 310 1763 371 atat

976 406 1565 489 reddctcaperearnnontnterateilcrr,et
1586 374 1762 493 infamasse-

972 484 1298 555 mentemmentdm
1317 489 1388 545 ectri
1408 496 1517 557 potetas
1538 504 1615 561 caper
1644 505 1760 561 quartum

972 564 1069 629 purum
1081 566 1169 623 teme,
1185 559 1325 628 interficere
1336 558 1431 630 gladic,
1447 559 1524 627 farne,
1537 570 1560 613 rt
1575 569 1662 625 merle,
1674 575 1697 618 et
1722 566 1758 621 le·

971 627 1026 683 atiir
1040 635 1122 683 tener.
1137 628 1181 685 isti
1196 638 1252 685 tres
1262 630 1332 699 equi,
1342 638 1502 693 unumsuut,
1512 632 1557 699 qul
1568 632 1688 687 exierunt
1701 646 1759 704 post

971 698 1060 753 album
1074 706 1101 753 et
1114 708 1206 755 coutra
1220 700 1310 755 album
1328 718 1334 754 :
1350 710 1378 755 et
1396 715 1476 755 unum
1504 715 1636 757 sessorem
1661 702 1759 761 lrabeut

969 768 1115 834 diabolum,
1127 772 1172 841 qui
1185 779 1227 827 est
1238 786 1320 826 mors
1333 770 1399 827 Nam
1420 772 1536 841 equitem
1552 772 1684 829 diabolum
1698 790 1758 835 esse

970 847 998 895 et
1010 841 1097 895 socios
1111 842 1178 911 ejurs,
1194 852 1270 897 sexto
1292 842 1370 912 siguo
1390 842 1554 907 manifestam
1580 856 1640 897 cum
1664 845 1757 914 praelio

969 909 1064 966 ultimo
1076 926 1159 984 equos
1170 912 1235 967 dicit
1245 912 1381 981 congredi.
1396 912 1462 969 ure
1472 926 1535 983 ergo
1548 914 1619 995 equi,
1633 913 1716 971 laertes
1729 926 1755 973 ct

969 980 1038 1035 bella
1053 990 1079 1037 et
1094 991 1181 1053 pestes
1194 982 1386 1051 intelliguntur,
1401 984 1492 1039 sicuta
1507 984 1617 1037 llnmtno
1629 984 1656 1039 iu
1670 986 1757 1041 Evau-

968 1051 1039 1121 gelio
1055 1056 1255 1121 praeuuutiatur.
1270 1054 1362 1123 Equus
1373 1054 1459 1119 albus,
1475 1053 1586 1109 verbum
1603 1062 1644 1109 est
1658 1058 1755 1124 praedi-

968 1122 1081 1177 cationis
1105 1124 1131 1177 in
1150 1125 1215 1179 orbe
1236 1134 1377 1179 terrarum.
1390 1124 1499 1195 lnequc
1517 1124 1576 1179 rulo
1595 1133 1622 1179 et
1648 1141 1754 1184 sessore

968 1190 1026 1261 ejus
1040 1193 1176 1250 bellasuut
1185 1194 1329 1265 signillcata
1343 1194 1499 1265 quaelutura
1509 1203 1586 1260 ειιιιι,
1601 1195 1654 1249 imo
1669 1194 1753 1263 dunt,

967 1277 1028 1317 cum
1041 1264 1369 1337 jamgenssurgateontra
1382 1274 1499 1336 gentem.
1513 1266 1562 1321 Per
1577 1280 1674 1335 equum
1698 1269 1754 1335 pal-

968 1332 1050 1388 lidum
1064 1345 1090 1389 et
1102 1350 1234 1391 sessorem
1248 1337 1316 1404 eius,
1337 1336 1419 1405 pestis
1444 1351 1537 1406 magua
1556 1344 1584 1391 et
1606 1338 1753 1393 morcrlitas

967 1404 1097 1475 signatur.
1107 1405 1142 1461 Et
1154 1407 1267 1474 iniamus
1279 1408 1391 1476 seqnitur
1402 1407 1476 1461 illam
1487 1424 1496 1463 :
1509 1408 1534 1461 id
1547 1416 1603 1471 εει,
1617 1417 1754 1473 exspectat

967 1474 1165 1531 devorationem
1180 1478 1332 1533 multorum.
1350 1476 1384 1531 Et
1402 1494 1458 1531 cum
1477 1478 1615 1547 aperuisset
1639 1478 1752 1548 sigillum

1004 1546 1094 1611 'rrtnm,
1108 1548 1159 1601 uidi
1176 1548 1222 1602 rui
1240 1564 1287 1601 cra
1300 1546 1346 1600 lter·
1356 1548 1452 1601 crinem
1463 1549 1658 1618 interfectorum.
1671 1548 1752 1605 Aram

1006 1616 1013 1669 i
1025 1616 1168 1673 Ecclesiam
1180 1618 1253 1683 dicit,
1264 1617 1314 1673 sub
1327 1620 1403 1686 cuius
1420 1619 1504 1674 oculis
1520 1626 1651 1690 martyres
1665 1618 1751 1675 ellecti

965 1695 1036 1740 sunt.
1054 1688 1085 1743 Et
1101 1689 1161 1743 lieet
1173 1690 1429 1743 animacsanctcrum
1444 1689 1469 1743 iu
1484 1689 1606 1759 paradiso
1619 1690 1682 1751 siut,
1709 1700 1750 1745 ta·

964 1770 1026 1811 meu
1037 1760 1214 1829 quiasanguis
1233 1767 1384 1815 sanctorum
1399 1774 1480 1829 super
1501 1769 1597 1815 terram
1623 1758 1750 1827 lunditur,

964 1827 1015 1881 sub
1025 1843 1070 1882 ara
1091 1830 1205 1885 clamare
1223 1830 1347 1885 dicuutur
1368 1830 1458 1885 :sicut
1475 1828 1539 1887 illud
1561 1837 1616 1895 est,
1639 1828 1752 1900 Sanguis

964 1896 1052 1967 lrmrir
1066 1901 1103 1953 tui
1113 1900 1205 1955 clamat
1217 1900 1251 1955 cd
1264 1918 1302 1955 me
1314 1900 1421 1955 deterre
1435 1898 1510 1971 (Gerr.
1522 1916 1559 1967 tv,
1573 1898 1629 1973 ld).
1644 1898 1678 1953 Et
1692 1916 1750 1955 cunr

962 1971 1102 2036 aperuisset
1115 1972 1227 2043 sigilium
1239 1980 1351 2038 centnm,
1366 1980 1438 2025 terrm
1452 1980 1534 2025 motus
1551 1973 1635 2042 foetur
1646 1979 1683 2025 cst
1694 1988 1750 2025 nra·

962 2054 1028 2108 qnur
1040 2058 1049 2094 .·
1063 2040 1145 2106 idest,
1159 2044 1308 2112 persecutio
1318 2040 1471 2097 nouissima.
1481 2041 1514 2095 Et
1528 2041 1654 2111 caisnetus
1663 2050 1699 2096 ert
1711 2040 1751 2096 ni·

962 2124 1007 2178 qrr
1019 2111 1083 2165 cierat
1093 2128 1182 2166 ccccm
1194 2113 1316 2178 cilicinus,
1330 2120 1353 2166 ει
1367 2112 1428 2167 lana
1437 2117 1505 2183 sacta
1511 2120 1547 2167 ert
1554 2120 1606 2166 tota
1615 2115 1679 2166 sicut
1693 2128 1751 2167 ran·

962 2180 1029 2301 zris,
1041 2180 1330 2237 etrtellcrrecidernntin
1340 2192 1441 2237 terram
1450 2182 1526 2251 Quod
1535 2182 1624 2239 estscl
1637 2190 1664 2237 ει
1677 2184 1748 2247 luna,

981 2251 1665 2320 ocetstellae,idestEcclesiazsedatotoparsiutelli
1686 2254 1748 2309 itur.

961 2317 1020 2373 Non
1033 2320 1103 2376 enim
1115 2328 1169 2376 tota
1182 2322 1309 2388 Ecclesia,
1324 2322 1422 2393 sedqui
1436 2323 1497 2377 mali
1507 2330 1569 2379 ειιιιῑ
1581 2322 1607 2375 iu
1618 2322 1671 2377 Eec
1681 2324 1747 2389 esia,

962 2388 1013 2458 ipsi
1026 2390 1124 2447 cadunt
1136 2392 1170 2447 de
1185 2392 1263 2448 ccelo.
1274 2392 1368 2448 Totam
1382 2401 1470 2447 autern
1485 2392 1566 2456 dixit,
1577 2392 1638 2517 guia
1653 2393 1680 2447 ln
1694 2400 1749 2447 toto

961 2461 1027 2513 orbe
1040 2470 1169 2517 terrarum
1183 2462 1234 2517 erit
1248 2462 1390 2518 novissima
1405 2462 1564 2532 persecutio.
1601 2470 1610 2515 t
1623 2470 1686 2518 tuuc
1703 2462 1748 2532 qui

958 2527 1023 2597 justi
1045 2530 1160 2595 dreriut,
1188 2534 1378 2600 permaueltuut
1392 2534 1418 2587 iu
1442 2531 1558 2587 Ecclesia
1580 2541 1704 2601 unquam
1722 2534 1748 2587 iu

960 2600 1030 2653 eoelo
1044 2617 1051 2653 ε
1066 2600 1238 2669 cupidinem,
1252 2603 1343 2671 injusti
1357 2611 1384 2657 et
1395 2600 1508 2657 adulteri
1521 2602 1690 2669 acquiescere
1703 2603 1750 2657 lra-

960 2667 1024 2724 lteut
1037 2670 1309 2727 sacridcarediaholc.
1322 2673 1353 2725 Et
1362 2681 1424 2727 tuuc
1433 2674 1477 2741 qui
1485 2670 1680 2727 securistianos
1689 2686 1750 2727 esse

959 2740 1049 2794 verbis
1062 2742 1244 2797 tautummodo
1259 2742 1400 2807 dicebant,
1415 2749 1539 2811 tauquam
1554 2742 1638 2797 stelle
1654 2742 1749 2797 cadent

959 2808 994 2863 de
1005 2810 1091 2876 caelo,
1106 2812 1176 2880 quod
1191 2822 1232 2867 est
1250 2812 1379 2867 Ecclesia.
1396 2812 1467 2867 Sicut
1480 2812 1544 2880 ficar
1563 2828 1654 2882 magno
1676 2822 1748 2867 ueruto

959 2882 1055 2951 agitata
1065 2882 1139 2935 nrittit
1147 2898 1247 2953 qrcrrnr
1256 2899 1323 2939 reor.
1335 2884 1466 2952 agitatam
1477 2881 1611 2947 arltureru,
1622 2882 1748 2939 Ecclesiae

959 2955 1138 3019 comparavit;
1152 2962 1258 3007 ventum
1272 2968 1407 3023 magnum,
1421 2952 1617 3021 persecutioni;
1629 2966 1746 3023 moseos,

959 3019 1112 3077 itcudrdbus
1125 3022 1216 3085 malis,
1232 3024 1275 3094 qui
1290 3022 1438 3078 excrutieudi
1453 3031 1516 3077 ειιιιι
1527 3029 1554 3078 ει
1568 3023 1698 3079 recessuri
1713 3024 1747 3079 alt

959 3089 1088 3146 Ecclesia.
1108 3092 1142 3146 m
1155 3094 1245 3147 cariam
1258 3093 1357 3149 recessit
1370 3103 1399 3147 at
1412 3092 1539 3147 insolutus
1554 3093 1626 3147 liber.
1649 3091 1683 3147 El
1697 3094 1747 3149 Ιιοε

958 3162 1019 3217 loco
1032 3162 1129 3217 coelum
1144 3163 1290 3219 Ecclesiam
1303 3164 1379 3228 dicit,
1394 3178 1455 3235 quae
1468 3178 1485 3217 a
1500 3164 1576 3219 malis
1590 3163 1705 3225 recedit.
1719 3174 1747 3220 et

959 3230 1027 3287 intra
1046 3246 1076 3288 se
1094 3234 1143 3288 sibi
1156 3234 1206 3289 soll
1226 3242 1287 3288 ncta
1307 3234 1431 3306 mysteria
1446 3234 1578 3299 continet,
1597 3234 1666 3288 sicut
1680 3234 1747 3289 liber

959 3302 1102 3369 involutus,
1117 3318 1195 3375 quem
1209 3304 1291 3375 iu'tqui
1304 3304 1451 3374 intelligere
1463 3318 1513 3359 uec
1524 3304 1616 3358 volum
1625 3304 1745 3369 omniuo,

959 3388 1009 3427 uec
1030 3384 1150 3443 possunt.
1170 3374 1204 3429 Et
1223 3376 1304 3430 curnis
1324 3374 1544 3431 concertante
1565 3372 1675 3429 delusis
1694 3376 1746 3430 ruia

957 3454 1033 3497 ancre
1046 3453 1113 3499 snut.
1127 3446 1202 3513 erod
1214 3447 1322 3511 ccelum,
1338 3445 1387 3500 lucc
1400 3454 1521 3509 montes,
1537 3445 1589 3499 hoc
1600 3445 1693 3500 insulae
1707 3446 1745 3501 si-

956 3512 1101 3581 gnificant:
1116 3516 1141 3568 id
1156 3523 1198 3569 est
1214 3515 1357 3571 Ecclesiam
1375 3514 1442 3570 lactu
1462 3515 1605 3570 norissima
1619 3529 1745 3583 persecu·

957 3581 1030 3637 tione
1046 3597 1152 3639 emrrem
1168 3584 1201 3637 de
1221 3585 1279 3639 lucc
1297 3599 1346 3639 suo
1365 3585 1523 3649 recessisse,
1543 3584 1599 3638 sive
1620 3583 1646 3637 in
1669 3583 1745 3639 bortis

957 3652 1081 3721 lugieudc
1098 3656 1324 3723 persecutionem,
1338 3654 1395 3710 siue
1409 3656 1435 3709 iu
1450 3654 1527 3709 malis
1541 3652 1601 3709 ddei
1613 3652 1742 3709 emendo.

957 3720 1011 3777 Sed
1032 3732 1118 3793 potest
1136 3726 1161 3779 iu
1180 3734 1319 3795 utrumque
1339 3734 1440 3793 partem
1462 3724 1620 3791 corrueuire3
1640 3724 1701 3794 quia
1716 3734 1745 3781 et

957 3791 1026 3847 bona
1041 3809 1102 3861 pars
1115 3804 1236 3849 mouetur
1248 3796 1282 3850 de
1295 3797 1354 3849 lom
1365 3811 1424 3861 suo,
1441 3794 1553 3865 lugiens,
1567 3794 1653 3860 idest,
1667 3796 1745 3848 artrit-

958 3872 1017 3919 tens
1033 3864 1096 3919 illud
1114 3865 1184 3935 quod
1203 3866 1300 3921 habet:
1315 3866 1384 3920 sicut
1400 3865 1481 3929 illud,
1499 3863 1602 3919 Macelo
1622 3865 1742 3919 candela-

956 3932 1029 3987 drnm
1041 3944 1110 3990 tunm
1129 3936 1160 3991 de
1174 3937 1227 3990 loco
1239 3952 1284 3990 ruo
1298 3934 1388 4007 (dccc.
1402 3952 1419 3990 u
1429 3977 1437 4001 ,
1448 3935 1486 4005 5).
1504 3934 1535 3989 Et
1550 3950 1619 4005 repes
1636 3942 1743 3989 terreret

955 4004 1138 4075 meginratus:
1198 4022 1241 4071 es,
1257 4014 1377 4075 potentes
1394 4004 1515 4061 hcuuncs
1527 4006 1680 4073 accipimus.
1703 4004 1743 4061 Ex

956 4075 1028 4129 omni
1043 4077 1114 4131 enim
1124 4091 1170 4146 gra
1190 4086 1247 4132 uet
1260 4075 1411 4131 conditione
1422 4084 1610 4131 convertentur
1623 4075 1656 4129 ad
1666 4074 1743 4131 Clari·

955 4153 1036 4199 stum
1052 4145 1183 4201 ὒιειειιιιιι
1216 4146 1244 4203 ui
1264 4154 1326 4202 tuuc
1339 4161 1417 4217 reges
1435 4154 1530 4206 eruut,
1551 4154 1647 4215 praeter
1661 4162 1742 4201 ιιιιιιιιι

955 4225 1169 4284 persecutorem,
1187 4162 1368 4273 adscenderunt
1390 4232 1417 4272 re
1436 4218 1464 4271 t'n
1482 4216 1607 4287 rmlunct'r
1625 4224 1648 4271 et
1664 4218 1743 4340 {tetris

954 4286 1086 4340 monerem
1108 4286 1268 4357 Coudrgirmt
1288 4302 1383 4342 omues
1401 4288 1427 4343 ln
1449 4287 1573 4357 prmseuti
1592 4301 1690 4341 saecuu
1709 4288 1742 4341 ad

955 4353 1035 4410 iidem
1049 4356 1184 4419 Ecclesia,
1201 4365 1227 4413 et
1240 4358 1267 4412 iu
1281 4357 1438 4413 abscondito
1451 4358 1576 4427 arrysterio
1589 4355 1742 4425 Scriptura-

955 4440 1014 4479 rum
1025 4440 1075 4479 cou
1140 4437 1208 4481 ntur.
1224 4426 1257 4480 Et
1266 4428 1361 4493 dicant,
1373 4426 1461 4482 Gadita
1472 4442 1480 4481 :
1494 4426 1518 4481 id
1531 4438 1582 4492 est,
1595 4427 1672 4494 legite
1683 4442 1741 4480 ιιοε.

954 4493 990 4547 m
1000 4494 1092 4550 alecou
1112 4498 1144 4551 ite
1156 4512 1220 4550 nor:
1240 4496 1264 4550 id
1277 4506 1336 4560 εει,
1353 4506 1381 4551 ut
1393 4496 1473 4551 lrumo
1485 4504 1586 4552 retusa
1599 4496 1645 4550 llei
1658 4498 1742 4551 oculis

953 4563 1140 4621 abscondatur.
1152 4567 1184 4619 Et
1196 4566 1289 4621 aliter:
1302 4566 1351 4634 Qui
1363 4569 1460 4638 cogitat
1472 4565 1587 4621 laturum
1599 4564 1739 4635 iudicium,

953 4635 1115 4690 emrvertitur
1128 4636 1161 4690 ad
1175 4645 1292 4703 montes,
1308 4637 1333 4691 id
1353 4637 1439 4692 estad
1458 4636 1620 4701 Ecclesiam,
1636 4642 1665 4690 ιιι
1678 4638 1739 4691 alts-

953 4704 1101 4759 condantur
1114 4714 1219 4775 peccata
1236 4720 1346 4776 suaper
1363 4708 1542 4775 pcerdteutiaur
1564 4706 1591 4759 iu
1617 4708 1740 4774 praesenti

954 4782 1082 4843 tempore,
1099 4792 1130 4829 ne
1144 4776 1169 4830 in
1183 4775 1272 4831 lutura
1287 4778 1438 4847 puniantur.
1452 4774 1538 4829 Donec
1549 4776 1676 4845 signemur
1688 4792 1740 4831 rer·-

951 4860 995 4899 ror
1006 4844 1053 4897 liri
1062 4848 1140 4901 emetri
1149 4848 1176 4900 in
1186 4848 1310 4919 [rantibus
1319 4862 1421 4903 rorum:
1432 4845 1577 4900 Ecclesiam
1588 4846 1738 4911 dennutint;

951 4924 980 4968 et
990 4915 1056 4969 dicit
1068 4916 1143 4971 malis
1154 4916 1313 4984 homiuibus,
1326 4918 1352 4973 id
1367 4923 1408 4970 est
1419 4916 1532 4970 sinistrae
1544 4918 1609 4984 parti
1622 4915 1738 4982 ludenti,

954 4983 996 5039 Ne
1006 4986 1109 5041 loeaerir.
1129 4986 1191 5043 llaec
1204 4998 1245 5044 est
1259 5004 1320 5052 rou,
1334 5002 1393 5057 quse
1404 4987 1431 5041 iu
1443 4985 1532 5042 medio
1548 4996 1661 5055 quatuor
1681 4990 1738 5041 aul-

952 5055 1062 5110 malium
1078 5057 1141 5113 dicit
1157 5058 1279 5122 ledenti,
1301 5056 1393 5112 Vinum
1405 5066 1427 5109 et
1439 5054 1521 5110 oleam
1538 5072 1570 5111 ne
1584 5058 1698 5112 teron:
1714 5060 1738 5113 iu

953 5126 1015 5181 rino
1029 5135 1056 5182 et
1068 5128 1138 5191 oleo,
1151 5142 1245 5184 oannes
1256 5128 1302 5197 qui
1314 5136 1376 5181 sunt
1387 5126 1450 5197 justi
1465 5127 1660 5199 intelliguntur,
1672 5144 1739 5198 quos

953 5210 1002 5251 uec
1014 5196 1136 5254 diabolus
1153 5214 1204 5253 nec
1216 5199 1275 5252 mali
1291 5197 1412 5253 lrortriues
1427 5198 1524 5253 ledere
1542 5208 1674 5267 poterunt,
1689 5200 1738 5253 uisi

951 5267 1055 5337 grandes
1068 5270 1101 5323 ad
1116 5284 1208 5324 eurum
1222 5267 1405 5339 probationem
1420 5270 1569 5336 permiserit
1589 5270 1667 5323 lleus.
1694 5268 1738 5323 Vi-

952 5354 1031 5401 nnm,
1046 5339 1146 5411 inquit,
1161 5348 1185 5395 et
1203 5340 1286 5393 oleam
1298 5355 1330 5393 ne
1342 5339 1458 5395 leceris:
1476 5340 1595 5409 praecipit
1611 5340 1738 5395 Durrriuus

951 5421 1057 5463 emnem
1073 5420 1170 5465 terram
1183 5424 1257 5464 suam
1270 5409 1433 5479 spiritualem
1446 5425 1498 5465 unu
1513 5410 1587 5476 laedi,
1601 5424 1739 5480 quousque

951 5492 1045 5533 ornnes
1057 5481 1202 5549 signentur.
1216 5478 1250 5533 Et
1261 5480 1346 5535 rudici
1359 5496 1490 5535 aaronem
1501 5480 1665 5552 signatarum,
1681 5497 1740 5535 cert-

952 5558 1005 5603 tnnt
1017 5549 1184 5621 qnadraginta
1204 5559 1312 5614 quatuor
1329 5550 1410 5606 nrt'liia
1427 5552 1518 5622 signati
1537 5567 1568 5606 es
1586 5552 1654 5607 cmm'
1674 5552 1738 5607 tritu

951 5618 1169 5689 fidcrmrrlrrcel.
1191 5619 1304 5677 Centum
1317 5622 1490 5693 quadraginta
1505 5630 1617 5691 quatuor
1635 5623 1737 5689 millia,

951 5692 1039 5745 omnis
1051 5691 1159 5746 omuino
1172 5691 1289 5748 Ecclesia
1303 5701 1353 5749 est.
1371 5692 1462 5750 Postea
1474 5694 1538 5760 ridi,
1551 5703 1575 5748 et
1587 5708 1642 5748 ecce
1656 5710 1738 5763 popu·

843 5776 860 5785 ·‘
952 5760 993 5819 lan
1003 5762 1107 5833 madar,
1120 5762 1193 5835 quant
1205 5762 1364 5821 dimntercre
1378 5772 1567 5835 normann,
1580 5765 1738 5829 manniam
