4000 6359
220 254 286 315 titt
712 246 748 306 lli
763 240 901 305 totamm
917 234 1151 308 stimulantis,
1170 240 1200 299 S.
1210 236 1394 301 AUGUSM
1786 246 1853 305 ttss

218 370 265 437 sit,
280 366 375 441 inquit.
395 363 430 423 ιιι
442 377 546 433 resera,
565 363 672 433 braum,
691 361 752 433 quis
770 360 821 417 hoc
840 356 954 417 dixerit!
975 354 1012 415 lit
1063 363 1152 413 εειειε
1164 357 1540 431 quaododico,leaiadnte,
1552 360 1687 434 dimonia
1701 376 1755 419 noo
1766 362 1849 422 habes

219 459 369 521 sibilalind
383 458 486 527 diem,
499 466 621 529 raptores
639 454 711 511 solos
727 452 750 509 si
766 451 871 519 dioem,
890 448 1012 507 membra
1064 455 1114 518 tn,
1141 451 1187 523 qui
1211 450 1302 508 lateris
1325 451 1387 525 quia
1411 453 1497 511 habeo
1526 472 1534 511 z
1559 469 1643 527 qaue
1667 454 1757 526 disis,
1783 456 1851 515 leul

218 554 355 627 acciphris
366 559 557 625 possuntesse,
572 564 625 606 oon
637 546 756 605 membra
766 544 898 603 columbe
912 560 920 599 ι
937 541 1012 599 milti
1063 540 1097 595 ad
1112 542 1174 599 mel

218 649 341 720 rapiunt,
361 646 501 717 accipitres
515 646 636 715 rapiunt,
652 640 726 697 corsi
743 638 866 710 rapiunt,
880 635 1012 695 columbas
1100 636 1144 693 lt.
1165 636 1249 695 bocer
1260 640 1453 697 uusemumba.
1467 640 1620 713 Respondet
1630 642 1701 698 euim
1716 640 1848 715 demphe

218 756 272 799 noa
284 738 410 811 rapiunt,
423 752 477 793 non
492 735 619 791 dilaniant
637 752 643 787 :
662 747 726 804 erpo
743 740 864 802 raptores
883 745 935 785 noo
948 735 1012 785 sunt
1063 727 1185 800 numini,
1199 739 1227 787 et
1238 732 1302 788 dicit
1316 750 1324 787 ε
1339 733 1503 804 baptismum
1517 734 1617 804 hahes,
1630 736 1788 793 charitatem
1803 754 1852 795 aa·

218 833 339 891 membra
351 830 490 889 colombae.
504 828 561 885 Non
574 827 702 901 apudsus
713 825 891 882 loitrelunos
902 824 1012 897 raptori
1063 827 1118 877 ιεει
1129 838 1181 893 qua
1192 838 1270 895 semu
1282 839 1335 881 noo
1351 825 1444 883 babes.
1463 827 1534 895 onis
1552 837 1594 884 est
1607 827 1668 897 boc,
1689 829 1783 901 inquit,
1798 832 1851 888 lla·

218 926 308 996 Quare
319 931 409 981 manet
419 921 569 992 baptismos
578 934 657 991 quem
670 918 744 975 dedit
754 917 889 983 accinitur,
900 931 953 971 non
965 930 1012 972 co-
1062 915 1188 984 ptismum
1198 917 1293 984 habeo,
1305 918 1461 976 charitatem
1476 936 1529 975 nou
1544 920 1646 977 habeo?
1657 920 1828 981 Sacramenta
1840 926 1852 960 ¹

218 1016 329 1089 lumbal
342 1016 429 1083 Quare
441 1028 494 1068 non
509 1009 648 1081 baptizatis
664 1009 734 1083 apud
744 1023 792 1064 ros
806 1009 876 1079 ipsos
891 1015 951 1079 post
964 1022 1011 1062 ra-
1062 1004 1167 1075 haheo,
1191 1020 1219 1065 et
1240 1010 1397 1068 charitatem
1414 1014 1487 1067 nonl
1512 1012 1573 1068 Noli
1591 1014 1722 1080 ciamare3
1738 1018 1852 1075 ostende

217 1119 309 1183 ptores
321 1117 347 1164 ει
359 1105 494 1161 adulteros
507 1113 534 1159 ct
546 1101 683 1167 ebriosos,
699 1109 761 1171 post
775 1114 870 1156 avaros
883 1098 951 1169 apud
963 1113 1012 1154 ros
1062 1101 1269 1176 mihiquomodu
1277 1104 1546 1170 hahcatcharitatem,
1554 1106 1599 1176 qui
1608 1106 1702 1162 dividit
1711 1106 1851 1165 unitatem.

218 1202 312 1275 ipsust
335 1203 376 1256 bn
395 1197 437 1254 isti
459 1210 554 1253 omnes
574 1194 694 1251 membra
713 1192 844 1251 colombae
865 1191 946 1247 suntl
967 1190 1013 1249 Sic
1061 1192 1129 1264 Epo,
1144 1194 1239 1266 inquit,
1250 1194 1336 1251 babeo
1349 1196 1523 1267 baptismum.
1536 1196 1853 1269 ilabes,sedbaposmos

217 1288 399 1349 dehonestatis
418 1286 569 1343 columbam
588 1292 722 1352 vestram,
737 1291 766 1339 ut
777 1282 803 1339 ei
817 1283 935 1339 membra
949 1282 1010 1339 rul-
1062 1282 1107 1339 illc
1119 1283 1177 1339 sinc
1193 1285 1322 1340 charitate
1338 1286 1403 1342 nihil
1416 1287 1461 1341 tibi
1476 1286 1583 1357 prodest
1595 1304 1603 1353 ;
1615 1288 1676 1358 quia
1690 1288 1749 1343 sine
1761 1288 1854 1345 chari·

217 1382 304 1438 turios
319 1379 432 1437 faciatis.
447 1377 516 1446 Quid
527 1391 601 1449 ergo,
615 1377 721 1444 ιειιεεε,
734 1375 797 1448 quiid
810 1373 938 1431 dicimus?
950 1374 1011 1431 llali
1061 1380 1117 1431 tata
1129 1386 1156 1433 tn
1172 1378 1238 1435 nihil
1248 1394 1288 1435 es.
1300 1379 1367 1436 liant
1380 1381 1531 1451 Baptismus
1545 1383 1601 1450 ille,
1614 1384 1695 1440 etiam
1708 1385 1734 1439 io
1748 1384 1796 1440 illo
1805 1386 1854 1454 oui

216 1483 244 1529 et
253 1473 315 1529 honi
326 1481 389 1529 sunt
400 1474 426 1527 in
439 1470 557 1527 Ecclesia
569 1467 700 1525 catholica
714 1486 721 1521 ι
735 1467 771 1523 ibi
783 1475 871 1523 autem
884 1466 934 1521 suli
948 1465 1012 1523 mali
1061 1468 1129 1524 nihil
1139 1477 1192 1537 est,
1205 1482 1314 1528 oon-est
1326 1472 1390 1531 nihil
1402 1493 1409 1529 :
1422 1475 1554 1545 baptisma
1564 1476 1662 1547 quiippe
1675 1476 1739 1531 illud
1748 1476 1854 1547 abqnid

216 1575 288 1623 sunt.
303 1563 357 1621 Sed
369 1563 438 1620 lorte
447 1561 557 1619 inimico
568 1560 658 1615 animo
670 1558 722 1615 hoc
731 1559 791 1614 dico
803 1577 809 1611 :
821 1567 848 1613 et
858 1557 910 1613 hoc
919 1566 1011 1629 postea
1061 1570 1114 1628 est,
1127 1571 1156 1616 et
1168 1577 1292 1634 maguum
1304 1565 1404 1637 aliquid
1418 1574 1476 1631 cst;
1490 1575 1598 1639 propter
1612 1567 1687 1623 illum
1700 1568 1735 1624 de
1747 1583 1801 1640 quo
1810 1567 1854 1624 di·

215 1656 378 1729 requiratur.
395 1656 428 1711 Et
443 1655 479 1710 ibi
491 1650 667 1710 cerredicunt
679 1649 883 1722 quiasuntbuoi
894 1648 1009 1705 etmali:
1061 1663 1134 1711 ctum
1146 1664 1197 1723 est,
1214 1656 1265 1711 llic
1283 1666 1319 1713 eat
1331 1658 1374 1728 qui
1393 1658 1513 1731 baptizat.
1532 1660 1586 1716 Sed
1607 1676 1642 1716 ue
1661 1670 1770 1733 putares
1784 1661 1853 1716 illud

217 1766 282 1819 nam,
296 1750 319 1805 ει
338 1748 455 1805 dixerint
472 1746 545 1803 solos
561 1744 647 1800 bonos
662 1758 693 1799 sc
708 1742 822 1807 habere;
837 1740 948 1796 credant
958 1740 1011 1795 illis
1061 1748 1133 1819 qood
1145 1764 1269 1821 magnum
1281 1733 1333 1819 est,
1347 1752 1395 1807 tibi
1410 1752 1509 1824 aliquid
1522 1756 1654 1825 prodesse
1667 1768 1745 1824 posse
1757 1754 1780 1808 si
1796 1770 1852 1809 tion

216 1842 273 1909 ⁸¹¹1·
287 1848 316 1897 0⁸
329 1840 477 1897 subscribo.
496 1836 554 1894 N⁰¹¹
573 1844 635 1892 ΝΜ
653 1834 722 1907 liud
745 1848 811 1899 ¹¹⁰⁸,
833 1832 938 1898 diffini,
959 1831 1010 1887 1ιίὅί
1062 1839 1555 1914 luerisinuoitate,soperbaptizatom
1565 1845 1854 1911 colombadesceodit,

216 1933 312 1997 morti,
326 1932 401 2003 justi,
416 1931 492 1999 casti,
509 1928 608 1996 subrii;
624 1942 679 1984 oon
691 1926 818 1993 adulteri,
833 1941 885 1981 noo
903 1923 1011 1981 leocra-
1063 1938 1187 2003 tanquam
1200 1932 1293 1990 (lim
1312 1934 1364 1991 :si
1376 1934 1540 2004 baptismum
1562 1936 1662 2002 pm,
1676 1946 1735 1993 esto
1757 1937 1783 1992 r„
1802 1952 1857 1993 ω.

217 2035 305 2093 torm,
317 2041 371 2081 non
384 2023 565 2090 fraudatores,
585 2036 637 2076 non
658 2019 774 2091 perjuri,
790 2032 844 2073 nou
862 2017 1009 2075 vinolenti:
1061 2022 1169 2089 lumba,
1183 2038 1218 2081 ne
1231 2040 1284 2080 ooo
1299 2024 1346 2083 tibi
1359 2028 1443 2097 prosit
1456 2027 1528 2098 qood
1542 2027 1635 2083 habes.
1654 2028 1722 2084 Veni
1740 2044 1804 2099 ergo
1816 2031 1855 2087 ad

216 2118 323 2185 dieant;
338 2132 393 2173 uon
404 2117 475 2173 enim
488 2116 597 2171 attendo
609 2114 712 2185 linguas
727 2113 855 2185 ipsorum,
870 2109 917 2167 sed
930 2118 1011 2182 ungo
1061 2115 1223 2186 columliam,
1233 2118 1345 2176 dicimus
1358 2139 1365 2175 z
1377 2136 1431 2176 non
1444 2129 1473 2176 ot
1484 2122 1594 2193 incipias
1606 2121 1705 2179 babere
1717 2125 1787 2195 quod
1797 2140 1856 2179 non

217 2208 298 2266 surda
312 2210 441 2279 ipsorum.
454 2204 688 2263 Cumaotemnoti
701 2203 842 2259 sintnohis
855 2202 969 2259 strabis
983 2209 1012 2258 et
1061 2207 1198 2279 habebas,
1212 2212 1260 2267 sed
1274 2223 1303 2268 ut
1317 2212 1443 2283 prodesse
1458 2215 1503 2270 tibi
1519 2214 1627 2284 incipiat
1639 2216 1709 2286 qood
1722 2216 1854 2272 habebas.

217 2302 291 2369 suis,
311 2302 380 2357 sicut
397 2309 425 2357 et
437 2315 485 2356 sos
499 2308 525 2357 et
540 2300 615 2356 robis
635 2299 661 2354 iu
681 2296 817 2354 Catholica
838 2303 865 2351 et
883 2295 935 2351 illis
954 2295 1010 2351 nuti
1061 2298 1139 2354 Foris
1150 2302 1221 2356 cnim
1236 2303 1351 2359 habebas
1370 2305 1535 2375 baptismum
1551 2305 1585 2361 ad
1599 2306 1743 2376 perniciem
1757 2326 1764 2361 z
1780 2307 1857 2363 intus

217 2394 301 2461 εειιες
315 2409 365 2451 nee
376 2408 426 2449 nos
437 2408 485 2451 eos
495 2390 730 2465 reprehendamus,
743 2405 794 2446 nec
804 2389 842 2445 illi
852 2404 882 2445 se
892 2386 1009 2459 palpent.
1061 2391 1085 2447 si
1097 2389 1232 2461 habueris,
1244 2394 1338 2465 incipit
1346 2395 1479 2465 prodesse
1490 2395 1524 2451 ad
1536 2397 1647 2453 salutem

216 2486 271 2547 lios
284 2485 399 2543 latemur
413 2486 440 2541 io
453 2486 573 2543 Ecclesia
588 2494 615 2542 et
628 2485 713 2541 bonos
726 2495 753 2540 et
771 2483 856 2539 malos
872 2498 947 2549 csse,
963 2481 1010 2538 sed
1097 2488 1142 2544 ts.
1162 2488 1219 2542 Non
1233 2488 1305 2543 enim
1318 2496 1419 2544 tantum
1433 2488 1481 2543 tibi
1496 2504 1548 2544 noo
1559 2490 1685 2561 proderat
1696 2490 1855 2561 baptisma,
1920 2502 1924 2507 ’

218 2591 342 2653 unquam
355 2593 434 2650 grana
448 2588 476 2636 et
489 2580 601 2650 paleam.
615 2577 764 2647 Aliquando
776 2577 820 2647 oui
834 2577 981 2647 baptizatur
995 2590 1010 2630 a
1061 2589 1089 2637 et
1102 2595 1155 2636 non
1166 2581 1245 2635 etiam
1259 2582 1360 2637 oberat.
1373 2580 1408 2637 m
1421 2589 1511 2637 sancta
1522 2582 1736 2653 possuntobessc
1749 2602 1755 2637 :
1767 2583 1794 2640 io
1807 2585 1859 2640 bo·

217 2688 317 2745 grano,
332 2672 406 2743 palea
420 2679 477 2739 est;
495 2680 522 2727 ει
533 2671 577 2741 qhi
590 2670 738 2741 baptizatur
756 2684 772 2725 a
792 2669 883 2739 palea,
898 2682 1011 2739 granum
1062 2673 1104 2729 nis
1118 2673 1189 2728 euim
1211 2682 1301 2729 sancta
1314 2673 1349 2729 ad
1367 2674 1482 2730 salutem
1500 2674 1605 2740 iosont;
1624 2674 1651 2730 io
1666 2676 1742 2732 malis
1760 2675 1793 2732 ad
1805 2676 1856 2748 ju·

218 2772 269 2821 εει.
284 2762 408 2833 alioquin
422 2763 444 2819 ai
457 2762 503 2834 qui
515 2762 662 2833 baptisatur
678 2778 692 2815 a
705 2774 804 2833 grano,
824 2759 911 2825 talen
927 2760 1012 2831 etqui
1062 2764 1169 2822 ιιιειειε.
1184 2763 1264 2821 Certe
1280 2765 1372 2833 enim,
1392 2765 1507 2834 iratres,
1522 2766 1645 2823 nummus
1658 2768 1722 2837 quid
1735 2768 1857 2839 accipia-

218 2858 368 2929 baptizatur
380 2872 395 2913 a
406 2857 499 2927 palca,
513 2870 567 2912 uon
579 2856 649 2911 salet
660 2874 668 2911 a
680 2854 774 2910 laisum
785 2862 843 2921 est,
860 2852 908 2907 llic
920 2862 956 2909 est
969 2853 1012 2923 nui
1061 2872 1133 2923 mus,
1145 2864 1174 2914 et
1185 2858 1276 2927 utiqrte
1287 2864 1408 2913 sanmum
1420 2867 1462 2914 est
1473 2859 1544 2930 quod
1556 2861 1716 2931 accipimus,
1731 2870 1759 2918 et
1772 2876 1858 2918 nemu

219 2950 338 3020 baptizat.
352 2948 380 3003 Si
394 2957 584 3003 autemrcrum
598 2954 655 3013 εει,
671 2944 722 2999 Hic
735 2954 769 3001 est
783 2946 826 3015 qui
840 2943 949 3014 baptism
963 2950 1014 2999 :el
1062 2946 1147 3016 dicit,
1161 2962 1214 3004 nott
1226 2963 1286 3005 εεεε
1299 2957 1419 3005 sanetum
1435 2967 1442 3004 :
1456 2950 1558 3022 etquid
1570 2952 1607 3006 ait
1622 2953 1786 3023 Apostolus?
1801 2952 1858 3019 Qui

207 3040 289 3115 'qood
303 3042 337 3097 ab
351 3040 503 3103 illudatur,
519 3040 605 3105 salet,
621 3046 649 3093 et
661 3036 795 3108 quomodo
812 3035 943 3103 columba,
962 3036 1012 3091 ha·
1063 3049 1147 3095 astent
1160 3042 1296 3096 munducat
1307 3051 1332 3096 et
1344 3042 1404 3096 bibit
1415 3042 1533 3113 indique,
1544 3044 1670 3114 iodicium
1683 3044 1731 3097 sibi
1744 3043 1859 3098 mnndu-

219 3136 311 3205 pticat.
324 3132 382 3189 Non
394 3132 463 3187 enim
478 3130 563 3187 malus
574 3130 617 3185 ille
629 3129 751 3185 columba
764 3138 815 3194 est,
829 3129 917 3184 autad
929 3144 1013 3185 mem·
1063 3140 1104 3184 eat
1115 3141 1138 3187 rt
1150 3132 1212 3186 bibit
1229 3132 1251 3205 (l
1262 3130 1322 3188 Cor.
1337 3149 1383 3200 at,
1396 3132 1454 3204 ιιι).
1468 3133 1526 3187 Νεε
1539 3134 1576 3188 ιιι
1591 3134 1651 3204 quia
1666 3134 1711 3189 illa
1725 3150 1768 3190 res
1782 3136 1858 3191 mala

219 3224 408 3280 bracolumbae
417 3223 530 3293 pertinet
542 3240 549 3274 z
560 3236 610 3278 nec
619 3220 663 3276 laic
674 3220 820 3287 potcstdici
830 3221 856 3276 io
865 3219 1010 3290 catholica,
1064 3231 1105 3277 est
1119 3240 1126 3277 :
1139 3222 1254 3300 sedquia
1265 3224 1310 3280 ille
1319 3225 1415 3293 malos,
1429 3224 1498 3279 male
1507 3225 1670 3296 accipiendo,
1682 3226 1715 3279 ad
1724 3226 1858 3297 judicium

222 3316 351 3387 oecatpud
364 3316 433 3383 illos,
445 3314 624 3381 siillidicunt,
636 3312 786 3369 ctilunrbam
796 3326 855 3367 esse
865 3310 1011 3367 Ecclesiam
1064 3313 1159 3383 accipit
1179 3313 1278 3369 bouum
1298 3314 1369 3385 quod
1388 3315 1494 3385 accipit
1515 3314 1585 3371 Num
1608 3316 1681 3372 enim
1703 3318 1771 3372 mala
1794 3326 1859 3375 erat

221 3422 307 3465 suam.
321 3407 389 3475 Quid
401 3421 465 3477 crgo
477 3405 665 3476 intelligimus,
680 3403 791 3459 iratres?
806 3403 935 3473 Quoniam
953 3417 1012 3459 ma·
1064 3405 1183 3461 buccella
1206 3422 1265 3477 quae
1291 3407 1386 3462 tradita
1408 3416 1450 3463 est
1473 3406 1548 3463 lude
1573 3422 1589 3461 a
1614 3408 1727 3464 llormm
1752 3408 1856 3481 (loon.

221 3501 346 3557 milesium
360 3510 411 3564 est,
425 3508 453 3555 et
468 3500 592 3556 omnibus
604 3505 705 3563 oomni,
720 3506 747 3552 et
763 3496 784 3551 si
802 3497 885 3552 oulint
899 3497 1011 3552 contin-
1066 3514 1113 3554 snt
1126 3540 1133 3565 ,
1147 3498 1212 3569 bhll
1225 3500 1310 3555 Absit.
1330 3500 1447 3555 ldedicus
1469 3515 1523 3555 non
1545 3500 1621 3555 daret
1633 3515 1763 3556 venenum
1783 3520 1790 3556 :
1809 3517 1858 3557 sa·

221 3600 318 3651 cuntot·
330 3612 336 3648 :
348 3595 409 3664 quia
421 3601 448 3651 ει
460 3592 496 3649 ibi
511 3591 698 3664 quando'daot
717 3591 796 3657 mali,
812 3605 864 3645 non
879 3599 939 3661 post
951 3589 1013 3645 illos
1066 3589 1148 3644 lutem
1161 3589 1280 3644 medicus
1290 3589 1382 3657 dedit;
1396 3589 1443 3646 sed
1456 3590 1562 3660 indigne
1571 3590 1736 3660 accipiendo,
1748 3591 1780 3647 ad
1791 3607 1858 3662 per-

220 3689 387 3761 baptizatum
402 3697 429 3743 et
444 3686 487 3742 laic
499 3686 605 3757 quando
623 3686 687 3741 dant
706 3684 785 3749 mali,
806 3698 859 3739 nun
879 3691 938 3754 pust
952 3682 1013 3739 illos
1065 3681 1161 3737 niciem
1178 3682 1280 3751 accepit
1292 3684 1337 3752 qui
1358 3696 1411 3737 non
1432 3690 1541 3750 pacatus
1554 3684 1667 3753 aceepit.
1686 3682 1733 3738 Sic
1751 3698 1815 3753 ergo
1827 3692 1861 3741 et

221 3780 379 3851 baptizator.
394 3778 520 3835 Columba
533 3792 585 3833 noo
598 3776 714 3847 baptizat
733 3783 793 3846 post
805 3790 915 3831 currum
929 3792 935 3829 :
950 3789 1012 3830 cor-
1064 3774 1110 3845 qai
1121 3774 1280 3845 baptisatur.
1291 3774 1400 3841 liabeo,
1417 3774 1516 3844 inquit,
1532 3774 1606 3830 mihi.
1622 3774 1735 3844 Fateor,
1748 3775 1831 3832 hahes
1848 3796 1857 3833 :

221 3886 270 3925 sus
282 3884 364 3941 quare
375 3870 432 3925 solt
445 3869 578 3939 baptisare
588 3878 650 3938 post
660 3864 830 3922 columbam?
1065 3865 1176 3921 observa
1190 3864 1261 3935 quod
1273 3864 1372 3931 hahcs;
1386 3879 1419 3919 eo
1431 3866 1489 3935 ipso
1500 3865 1571 3937 quod
1584 3865 1665 3922 babes
1675 3865 1857 3923 damnaberis.

259 3961 303 4015 ld.
324 3958 575 4015 loteodatcliaritas
585 3966 673 4013 restra
687 3974 695 4011 r
709 3965 735 4011 et
752 3955 1011 4027 ouaredesignatum
1065 3955 1171 4023 Quarel
1183 3955 1249 4023 Qrtia
1264 3970 1321 4010 rem
1338 3954 1470 4011 columbe
1486 3964 1582 4025 prater
1594 3956 1745 4012 columbam
1759 3957 1858 4013 habes.

223 4059 265 4107 εει
279 4049 369 4107 εεεειε
382 4048 444 4119 qrtid
460 4062 507 4119 per
522 4047 673 4105 columbam
685 4088 694 4114 ,
709 4055 736 4102 ut
755 4046 886 4118 baptisato
901 4046 1014 4103 Domino
1065 4045 1093 4103 sl
1107 4061 1164 4102 rena
1177 4046 1307 4102 columbae
1327 4046 1353 4100 in
1374 4046 1496 4103 colomba
1509 4046 1618 4115 habeas,
1634 4062 1743 4104 securum
1758 4049 1856 4108 habes.

224 4142 327 4199 ueniret
347 4140 481 4207 coluoiha,
498 4139 524 4195 id
545 4150 595 4206 est,
616 4136 731 4211 Spiritus
750 4150 857 4195 sanctus
878 4140 904 4195 io
925 4139 1015 4210 specie
1065 4138 1131 4194 Pota
1150 4146 1177 4194 te
1189 4152 1249 4194 esse
1267 4136 1410 4193 militarem
1425 4156 1432 4192 r
1447 4138 1470 4193 si
1486 4137 1667 4195 characterem
1686 4140 1859 4210 imperatoris

224 4236 364 4301 columbae,
379 4239 407 4289 ct
420 4242 539 4289 maneret
551 4248 713 4303 supereum,
728 4248 789 4287 cum
802 4234 829 4289 in
842 4233 957 4291 adventu
969 4248 1015 4289 co·
1065 4231 1104 4286 tui
1118 4231 1189 4286 intus
1205 4230 1315 4297 habeas,
1338 4243 1447 4285 secturus
1465 4230 1580 4297 militas,
1605 4231 1627 4285 si
1647 4240 1722 4287 extra
1743 4231 1857 4299 habeas,

225 4327 323 4383 lambac
335 4325 386 4381 hoc
397 4333 571 4394 cognosceret
582 4324 709 4390 loannes,
724 4324 857 4395 propriam
872 4324 1014 4395 quamdam
1066 4338 1119 4379 oon
1131 4324 1215 4379 solum
1229 4323 1277 4379 tibi
1288 4324 1322 4379 ad
1334 4324 1455 4380 militiam
1468 4338 1522 4378 non
1532 4322 1640 4393 prodest
1649 4324 1788 4379 character
1797 4325 1857 4391 ille,

226 4425 382 4489 potestatem
394 4415 421 4471 in
434 4414 546 4471 llumioo
556 4414 589 4471 sd
599 4414 878 4485 baptizandumiQuia
888 4430 935 4487 per
945 4416 1016 4473 hamc
1066 4415 1205 4471 sedetiam
1218 4429 1268 4486 pro
1281 4414 1418 4471 desertum
1432 4414 1559 4486 potaieris.
1575 4414 1640 4469 Veni
1652 4430 1726 4485 crgo,
1742 4417 1812 4484 seni,
1828 4426 1862 4473 et

226 4508 360 4579 propriam
375 4514 544 4578 potestatem,
555 4506 695 4571 sicutdixi,
709 4521 760 4577 par
773 4506 898 4563 Ecclesiae
911 4506 1015 4563 domata
1066 4508 1121 4564 ooli
1135 4506 1226 4564 dicere
1240 4524 1248 4562 a
1263 4506 1322 4564 lam
1335 4506 1437 4574 babeo,
1448 4505 1503 4577 jam
1515 4505 1612 4561 suldcit
1624 4504 1699 4559 mihi.
1713 4505 1778 4562 lleoi
1790 4522 1799 4573 ;
1809 4522 1861 4563 eo-

225 4611 275 4661 est.
291 4600 326 4655 Et
339 4608 426 4670 potest
438 4600 494 4656 lieri
507 4608 538 4655 ut
549 4599 644 4657 habeat
657 4600 751 4671 aliquis
769 4601 932 4673 baptismum
948 4616 1016 4671 prm·
1066 4599 1156 4656 lumba
1166 4607 1194 4655 ιε
1206 4606 1293 4667 rocat,
1303 4597 1434 4669 gemendo
1445 4608 1472 4653 tc
1483 4605 1570 4655 tuest.
1584 4596 1691 4654 Fratres
1705 4600 1766 4665 mci,
1779 4598 1859 4656 robis

227 4701 267 4747 ter
281 4690 430 4748 columbam
445 4707 452 4745 ι
467 4698 495 4745 ει
507 4690 591 4761 prosit
604 4691 628 4747 ei
641 4691 789 4761 baptismus
805 4701 900 4763 practer
913 4693 1017 4749 colom·
1066 4690 1142 4757 dicor
1155 4691 1286 4763 ponendo
1297 4699 1409 4755 vocate,
1422 4705 1475 4745 non
1487 4689 1599 4747 rixando
1616 4709 1623 4747 ε
1637 4692 1858 4758 immorando,

226 4782 306 4850 bam,
322 4796 374 4837 noo
388 4789 484 4853 potest.
498 4780 620 4837 intendat
634 4780 755 4837 elianus
770 4789 878 4851 vestra,
892 4791 921 4839 et
933 4782 1015 4840 intel-
1066 4792 1160 4840 rorate
1181 4782 1326 4850 inritando,
1344 4790 1436 4837 secate
1456 4781 1617 4852 jejunando,
1639 4780 1673 4837 de
1694 4781 1828 4838 charitate
1844 4785 1860 4816 ⁸

226 4874 289 4945 ligat
306 4873 376 4943 quod
393 4872 453 4929 dico
472 4888 480 4927 a
501 4886 562 4927 nam
580 4880 609 4928 ει
626 4872 678 4928 ista
699 4873 925 4931 circumventione
943 4888 1017 4946 saepe
1067 4875 1214 4947 intelligant
1224 4876 1285 4947 quia
1297 4875 1394 4931 doletis
1407 4874 1478 4930 illos.
1493 4874 1551 4931 Nun
1566 4874 1667 4942 dubito,
1683 4874 1778 4931 iratres
1791 4876 1858 4943 mei,

225 4965 357 5023 wducttot
374 4965 470 5020 iratres
493 4970 600 5019 mosmos
622 4966 667 5035 qui
691 4964 759 5035 pigri
781 4972 809 5021 et
832 4964 919 5037 frigidi
942 4974 1014 5022 som.
1068 4970 1130 5041 quia
1151 4972 1175 5024 si
1193 4969 1301 5024 rideant
1320 4967 1441 5023 dolorem
1461 4977 1591 5032 vestrum,
1610 4967 1815 5037 confundentur,
1830 4981 1861 5025 ει

226 5056 315 5116 Simus
336 5056 511 5129 simpliciores
526 5066 554 5112 et
571 5053 755 5113 [amentiores.
771 5056 860 5126 Ecce,
875 5059 1015 5129 loquium,
1067 5059 1237 5114 mustacem.
1252 5057 1318 5114 Veni
1341 5058 1496 5128 erponem
1517 5076 1523 5112 :
1546 5058 1600 5113 ooli
1622 5059 1735 5124 timere;
1749 5060 1813 5115 time
1835 5060 1862 5115 si

228 5166 280 5225 epu
299 5151 399 5221 accepi,
422 5165 455 5207 an
470 5164 524 5207 uon
550 5148 660 5222 accepi?
680 5148 849 5221 Respondes,
870 5151 1015 5222 sucepisti.
1069 5149 1232 5206 nonsatis:
1247 5150 1301 5205 imo
1319 5164 1374 5205 uon
1395 5150 1470 5217 bmc,
1484 5149 1532 5205 sed
1544 5150 1649 5220 plange.
1664 5148 1741 5216 Veni,
1756 5148 1860 5221 pude-

226 5244 447 5320 senonum,
461 5260 514 5301 noo
528 5243 653 5315 estquod
669 5242 734 5299 mihi
746 5244 809 5311 dcs;
820 5258 929 5301 securm
944 5260 1015 5313 sunt,
1069 5243 1111 5299 bis
1134 5244 1157 5299 si
1181 5244 1287 5299 verteris
1310 5260 1318 5298 a
1341 5256 1432 5314 gemes
1453 5242 1562 5314 quidem
1591 5243 1617 5296 in
1645 5242 1862 5300 tribulationibus

227 5340 309 5397 etiam
319 5338 469 5396 testimonio
480 5346 526 5393 tuo
537 5354 545 5392 a
555 5344 583 5393 et
591 5350 642 5408 ego
653 5336 723 5391 enim
738 5350 780 5392 me
795 5333 855 5393 dieo
869 5337 1015 5409 accepisse,
1070 5336 1307 5409 peregrinationis3
1328 5336 1376 5391 md
1394 5335 1522 5407 gaudebis
1545 5334 1572 5389 in
1591 5350 1648 5405 spe.
1673 5335 1740 5391 leiti
1758 5335 1802 5390 ubi
1817 5348 1863 5392 est

228 5438 289 5489 ettu
300 5428 596 5501 metaurisaosepisse;
606 5428 742 5498 utriusque
750 5427 838 5499 lingua
845 5442 967 5487 meorum
974 5446 1017 5488 me
1070 5428 1212 5493 columba,
1226 5426 1270 5482 εει
1281 5425 1380 5481 dichmt
1392 5435 1451 5492 est,
1468 5424 1527 5480 bna
1539 5434 1575 5480 eat
1588 5425 1703 5479 columbo
1716 5442 1792 5495 mes,
1806 5443 1865 5481 sna

230 5522 294 5581 iacit
306 5538 313 5579 r
326 5522 389 5595 quid
399 5536 464 5595 ergo
472 5521 535 5577 mibi
543 5518 694 5591 promittis?
708 5533 790 5589 quare
800 5534 843 5575 me
852 5519 892 5574 ris
905 5520 1018 5575 catholi-

230 5610 1017 5686 rnmlacere,quandonenmihialiqulddaturosesamplius,
1103 5587 1463 5709 :Ffflfflffimmffl
1471 5590 1697 5696 ming,
1714 5645 1817 5707 mna,
1830 5646 1866 5700 a.

230 5720 255 5765 ct
270 5710 373 5777 strelam
387 5706 522 5777 occepisse
533 5702 625 5762 lateris
636 5702 744 5773 quodie
757 5703 855 5761 liabere
866 5702 949 5761 dieis?
960 5704 1018 5776 Epo
1071 5709 1206 5771 ειιεειιιιε,
1218 5715 1244 5759 ct
1253 5710 1375 5768 emicunt,
1386 5707 1616 5783 mciatch'rarmdo,
1633 5708 1834 5770 eacepdspssos
