4000 6359
271 356 341 416 urs
740 359 772 414 nv
789 324 1182 438 torntn'uvnnennnn,
1202 358 1230 415 ε.
1250 358 1434 418 rocosum
1833 366 1903 427 ern

303 470 333 527 2.
347 470 449 528 Deinde
460 471 548 530 intulit
558 473 724 545 llvanqerista
736 471 807 526 unde
816 469 974 528 hodiernum
987 471 1060 542 capi·
1114 469 1166 526 nisi
1180 471 1280 542 aliquid
1293 471 1355 528 inde
1369 472 1497 541 dicamus,
1512 474 1623 546 accipite
1632 474 1704 546 qnod
1716 478 1881 548 potuerimus
1895 497 1902 536 a

268 561 353 620 tuton
366 563 507 622 recitatum
521 574 571 630 est,
583 573 610 621 ει
619 565 655 619 ait
669 583 675 618 :
689 563 751 620 Cum
760 573 844 619 onum
856 573 927 620 tento
938 566 1011 637 tipno
1022 568 1061 636 fe·
1113 571 1140 616 et
1152 563 1196 618 uhi
1212 573 1306 620 vestrae
1319 566 1509 642 exspectationi
1523 583 1575 624 non
1590 567 1783 637 suffecerimus,
1803 571 1838 628 ab
1859 571 1904 630 illo

269 653 342 710 cieret
355 671 441 711 eornm
453 659 505 723 eir,
518 674 570 712 non
579 656 713 712 credebaut
723 657 751 712 in
762 673 819 711 enm
830 672 840 712 .·
851 666 880 712 nt
891 673 972 712 rerrno
983 654 1061 712 lsnioe
1112 654 1304 714 lucrementum
1313 661 1414 730 poscite
1422 661 1466 731 qui
1476 675 1524 716 nos
1534 662 1654 733 plantare
1666 664 1790 733 poenitet
1801 664 1903 738 rtqare,

270 748 400 819 propmm
410 749 557 821 inpleretur
569 766 641 821 quern
656 750 733 815 dicit,
748 749 864 817 Dmnine,
879 751 936 820 quir
953 747 1061 804 credidit
1112 751 1183 820 quia,
1200 760 1268 807 stcut
1281 752 1345 808 dicit
1357 753 1511 823 hptrstolns,
1531 753 1621 826 Neque
1632 756 1675 825 qni
1688 755 1786 828 plantat
1802 767 1840 812 est
1855 759 1904 814 oli-

268 843 368 898 cuditni
381 845 487 899 nostro?
499 853 522 898 et
534 845 665 899 bruchium
675 843 779 899 Domini
795 845 837 899 cni
852 843 988 899 reneiotnm
1003 843 1060 898 esti
1112 841 1184 912 quid,
1206 859 1284 914 nepem
1302 843 1345 915 qui
1359 845 1441 916 ripen·
1455 845 1499 901 scd
1512 847 1556 917 qttt'
1573 847 1753 904 incrementum
1770 850 1816 904 det
1833 849 1904 908 neri

269 933 320 990 llhi
330 936 395 990 satis
407 934 522 992 ostendit
534 935 674 992 brachium
688 936 792 991 Domini
804 937 891 1006 ipsum
901 935 1000 991 Filium
1013 933 1059 990 Dci
1112 931 1134 1007 (l
1147 931 1206 988 Gor.
1222 949 1261 1003 ιιι,
1275 935 1315 1007 7).
1325 937 1438 1006 Quidam
1450 953 1516 1008 erqo
1528 938 1597 995 inter
1611 954 1641 996 se
1653 940 1804 1009 mussitant,
1818 953 1846 999 et
1859 944 1902 1001 uhi

268 1036 463 1098 nuncupatum;
478 1044 531 1083 non
544 1028 613 1099 quod
629 1029 698 1084 Dens
710 1029 788 1084 Pater
803 1027 887 1099 ligura
898 1027 1059 1082 determine·
1111 1037 1222 1098 possunt
1232 1030 1374 1102 aliquando
1389 1033 1563 1102 proclamant,
1571 1035 1756 1092 cttnrbulenta
1770 1036 1901 1107 discepta-

267 1129 312 1176 tur
325 1122 413 1177 turnis
425 1122 562 1190 hnmanae,
576 1121 653 1194 eique
668 1121 751 1179 Filius
767 1130 892 1192 tanquam
907 1120 1057 1176 membrum
1112 1120 1182 1178 tione
1195 1123 1367 1188 contendunt,
1382 1124 1516 1180 dicentes:
1527 1124 1596 1193 Quid
1610 1125 1730 1183 iecerunt
1747 1127 1844 1196 lndmi,
1860 1129 1902 1186 vel

266 1211 387 1288 corporis
397 1212 496 1267 hereat
508 1231 515 1267 ι
526 1211 573 1268 εει
583 1212 739 1281 quiaomnia
750 1226 798 1282 per
809 1213 895 1282 ipsum
906 1211 974 1266 lacta
983 1217 1056 1277 sunt,
1110 1228 1170 1284 qum
1181 1214 1257 1284 culpa
1279 1230 1372 1272 eorum
1386 1214 1446 1282 luit,
1460 1217 1482 1272 si
1497 1233 1607 1274 rtcccsse
1618 1227 1677 1275 erat
1689 1229 1715 1274 nt
1727 1237 1808 1276 emmo
1821 1220 1901 1278 teate

266 1301 327 1357 ideo
339 1301 478 1359 brachium
496 1303 600 1358 Domini
614 1303 713 1359 dictum
732 1312 784 1358 cst.
803 1301 878 1359 Sicut
896 1302 968 1358 enirn
983 1310 1057 1357 tnnnt
1110 1305 1239 1377 prophete
1251 1305 1397 1376 impieretur
1413 1325 1485 1380 quem
1501 1309 1575 1372 diarii,
1591 1307 1710 1378 Donum,
1725 1313 1781 1382 quis
1794 1315 1901 1370 credidit

264 1393 414 1460 brachium,
425 1411 473 1466 per
481 1396 553 1467 qnod
562 1396 694 1466 operaris;
705 1396 744 1451 sic
753 1395 801 1451 Dci
810 1394 946 1450 brachium
956 1392 1057 1450 dictum
1109 1395 1208 1450 meditari
1220 1399 1325 1454 nortrol
1336 1407 1359 1454 et
1371 1397 1501 1454 brachium
1515 1399 1618 1457 Domini
1627 1403 1672 1458 etti
1689 1405 1825 1458 rosetum
1844 1407 1901 1462 est?

265 1496 308 1544 cst
319 1487 376 1558 ejus
389 1489 515 1558 Verbum,
529 1490 590 1561 qnia
604 1505 651 1560 per
660 1487 776 1545 Verbum
789 1499 913 1559 operatus
925 1497 966 1544 εει
977 1502 1055 1543 mun·
1108 1486 1210 1556 Quibus
1220 1489 1422 1559 respondemus,
1437 1492 1576 1548 Dominum
1587 1495 1725 1563 prescinm
1739 1495 1897 1562 lntnrornm,

264 1577 338 1635 dum.
354 1576 407 1634 Cnr
420 1580 490 1634 culm
506 1581 585 1634 homo
604 1587 633 1634 ut
648 1579 747 1652 aliquid
766 1589 902 1650 operetur,
919 1579 1056 1634 brachium
1108 1592 1156 1648 per
1170 1578 1330 1650 tropheum
1351 1583 1506 1652 praedixisse
1519 1583 1702 1644 infidelitatem
1723 1586 1897 1658 ludaeorum

264 1670 399 1735 extendit,
416 1672 466 1727 nisi
482 1671 544 1742 quia
560 1687 614 1727 non
627 1673 754 1727 continuo
768 1671 798 1727 ιι
814 1672 883 1742 qnod
898 1671 1013 1727 dixerit?
1027 1671 1055 1728 Si
1109 1672 1263 1742 praedixisse
1275 1681 1374 1740 tamen,
1398 1691 1451 1733 non
1473 1676 1579 1734 iecisse.
1599 1677 1658 1736 lVou
1672 1681 1744 1738 enirn
1758 1691 1897 1754 propterea

263 1773 352 1818 antem
371 1771 442 1819 tanta
462 1774 593 1836 potestate
614 1767 785 1837 prevaleret,
800 1772 830 1821 ut
840 1766 899 1821 sinc
913 1767 967 1822 ullo
982 1776 1055 1822 motu
1108 1779 1266 1864 quemquam
1278 1767 1349 1824 Dens
1363 1768 1396 1823 ad
1411 1769 1573 1838 peccandum
1587 1771 1668 1842 ooqit,
1678 1773 1740 1845 qnia
1750 1772 1896 1832 luturaho·

262 1856 383 1922 corporis
397 1857 437 1910 sni
451 1856 523 1927 quod
537 1857 638 1914 diceret
652 1858 744 1926 lieret,
764 1857 904 1913 brachium
924 1859 982 1928 cjns
996 1874 1057 1914 ver·
1108 1856 1209 1913 minum
1236 1867 1344 1929 peccam
1363 1859 1418 1930 jam
1434 1861 1515 1916 novit.
1540 1860 1659 1932 ipsorum
1679 1864 1750 1948 entim
1766 1868 1899 1936 prescivit

261 1946 324 2003 bum
343 1949 401 2018 ejus
417 1957 488 2005 esset
499 1950 519 2003 ¹.
535 1949 587 2006 Sed
602 1949 729 2006 Dominus
742 1950 820 2006 lesus
839 1949 991 2019 unigenitos
1006 1950 1053 2006 Dei
1109 1959 1227 2018 monam,
1240 1967 1293 2006 nott
1310 1967 1372 2018 sua;
1390 1969 1442 2008 non
1456 1953 1612 2024 cujusquam
1625 1955 1746 2026 alterius,
1766 1959 1814 2016 sed
1827 1959 1898 2032 ipso·

262 2040 348 2096 Patris
362 2039 462 2108 Vilius,
477 2043 547 2098 sicut
565 2057 618 2098 non
640 2051 683 2098 est
704 2042 807 2112 paterni
827 2043 947 2112 corporis
967 2058 1054 2099 mem-

261 2133 354 2202 brum,
370 2135 405 2192 ita
419 2151 471 2192 non
485 2145 527 2192 est
539 2136 681 2208 cogitabile
692 2138 735 2194 vel
750 2137 867 2194 sonabile
881 2152 913 2193 ac
927 2139 1054 2193 transito-

262 2226 329 2280 rium
341 2226 470 2293 verbnm,
484 2229 545 2299 qnia
558 2243 619 2284 curn
631 2229 721 2284 omnia
736 2244 784 2300 per
795 2228 883 2300 ipsunt
895 2228 965 2285 lacta
977 2237 1051 2298 suut,

261 2317 309 2373 Dei
319 2317 437 2374 Verbum
449 2328 517 2376 erat.

297 2413 323 2466 ι.
342 2410 410 2467 Cum
421 2427 487 2486 erqo
499 2414 622 2472 audimus
636 2415 773 2471 brachium
782 2415 830 2472 Dei
839 2416 925 2473 Patris
935 2433 994 2474 esse
1004 2419 1053 2475 Dei

262 2503 368 2573 Filium,
382 2521 436 2562 non
451 2507 528 2564 nobie
539 2508 675 2580 obstrepat
684 2509 848 2566 consuetudo
860 2512 991 2569 carrvalis:
1006 2510 1054 2569 sed

261 2605 388 2666 qnantum
401 2599 447 2654 illo
459 2599 576 2657 donante
588 2616 741 2672 possumne,
757 2601 888 2658 Virtutem
902 2601 949 2658 Dei
960 2605 989 2660 et
1001 2602 1051 2660 Sa·

261 2689 387 2759 ptenttnn
402 2690 559 2762 cogitemus,
572 2706 620 2762 per
632 2707 711 2763 qnam
727 2691 796 2749 lacta
809 2693 977 2749 suntomnia.
988 2693 1053 2752 Tale

260 2781 359 2853 qnippe
371 2781 510 2838 brachium
524 2799 574 2839 nec
591 2791 742 2854 porrectum
757 2785 918 2847 extenditur,
933 2799 983 2840 nec
994 2784 1051 2842 eol·

259 2872 358 2929 Ιεειιιιιι
371 2876 545 2931 contrahitur.
559 2875 617 2931 lion
633 2885 676 2932 est
685 2877 757 2932 coint
770 2877 828 2946 ipse
840 2877 885 2946 qni
899 2876 988 2944 Pater,
1004 2875 1052 2932 εει

260 2980 343 3020 unum
355 2977 417 3022 sont
434 2968 490 3038 ipse
502 2974 530 3022 cl
543 2957 637 3033 Dater3
652 2977 679 3023 et
689 2967 799 3039 aequalis
812 2967 885 3023 Patri
897 2968 996 3038 ubique
1009 2975 1052 3022 to-

260 3065 305 3112 tns
317 3063 359 3113 est
367 3057 438 3113 siout
444 3057 524 3114 Pater
534 3077 540 3113 :
552 3073 586 3112 ne
595 3058 681 3128 aliqua
693 3066 782 3130 pateat
789 3058 893 3114 occasio
901 3056 1051 3114 detestabili

260 3149 345 3204 errori
357 3165 462 3219 eornm,
473 3150 518 3220 qni
531 3149 623 3206 dicum
634 3149 719 3205 solum
733 3164 793 3207 esse
806 3149 923 3216 Patrem,
941 3151 989 3208 sed
1000 3167 1051 3224 pro

259 3238 416 3306 diversitate
436 3256 574 3297 causarum
589 3241 674 3312 ipsum
695 3229 873 3308 dici'liilitmt,
890 3241 977 3312 ipsum
998 3243 1052 3300 dici

258 3331 387 3404 Spiritum
399 3342 533 3399 sanctum;
556 3340 582 3388 ct
603 3333 630 3387 in
646 3332 687 3388 his
700 3333 789 3388 verbis
802 3332 917 3390 audeam
928 3334 1050 3404 'dicere

258 3424 329 3480 Ecce
344 3422 503 3495 vrdetisqnia
517 3424 591 3480 solus
604 3430 645 3480 est
656 3423 745 3492 Pater,
759 3424 783 3480 si
795 3423 932 3481 brachium
943 3425 1003 3497 ejus
1010 3434 1052 3482 est

256 3515 357 3581 rtrum
372 3531 423 3571 non
437 3517 507 3571 enlm
526 3515 596 3581 dnn,
616 3514 664 3570 scd
676 3529 727 3570 una
740 3529 854 3584 persona
867 3525 909 3572 est
929 3515 1010 3573 homo
1023 3524 1052 3574 et

256 3607 394 3664 brachium
409 3608 478 3680 ejus.
492 3606 551 3664 Non
570 3607 747 3678 intelligentes
760 3623 848 3681 neque
868 3609 1049 3678 advertentes,

255 3699 391 3772 quomodo
402 3701 481 3755 verba
495 3699 622 3756 derebus
635 3699 694 3754 aliis
707 3697 741 3753 ad
754 3715 798 3756 res
812 3700 878 3756 alias
887 3700 1051 3758 transieran-

255 3807 312 3861 ιω,
329 3800 438 3864 propter
456 3791 573 3861 aliquant
587 3789 787 3847 similitudinem
797 3791 877 3847 etlam
894 3793 920 3846 ln
938 3792 1052 3849 locutio·

257 3886 336 3941 nibus
355 3882 516 3954 quotidianis
530 3882 565 3938 de
587 3881 732 3937 visibilibus
746 3891 773 3938 ct
787 3883 932 3938 notissimis
951 3885 1047 3952 rebns;

255 3981 355 4040 querito
369 3973 452 4042 magis
469 3980 496 4027 ut
511 3973 587 4029 nobis
603 3972 743 4027 ineffabilia
757 3973 984 4044 qualitercumque
1006 3976 1048 4032 dl·

254 4070 360 4131 cantur,
375 4080 434 4136 quae
448 4064 501 4120 dici
516 4065 593 4120 sicuti
614 4073 687 4126 sunt,
709 4064 819 4118 omnino
842 4080 895 4120 non
919 4067 1049 4136 possunt?

255 4154 321 4209 llam
331 4154 446 4210 ethomo
459 4155 571 4209 alterum
586 4154 718 4210 bominem
732 4170 780 4224 per
793 4171 871 4224 quem
886 4156 954 4212 solet
970 4173 1048 4228 agere

255 4246 383 4317 quidquid
395 4246 459 4318 agit,
470 4247 606 4303 brachium
620 4262 696 4301 snum
709 4249 839 4316 appellat:
852 4257 880 4303 et
897 4251 919 4304 si
938 4252 962 4306 ei
979 4251 1049 4308 anie·

256 4347 340 4406 ratur,
360 4339 454 4396 dolens
467 4339 542 4406 dicit,
557 4338 696 4394 Brachium
710 4339 826 4408 pcrdidl3
841 4350 868 4396 et
886 4342 911 4398 ei
925 4343 970 4410 qui
987 4344 1048 4400 abs·

254 4432 356 4500 tulerit,
381 4432 446 4489 dicit
458 4433 599 4488 Brachium
614 4449 701 4488 meum
716 4434 780 4488 mihi
791 4433 932 4490 abstulisti.
948 4437 1047 4494 lntelli-

255 4534 319 4597 gant
329 4541 394 4599 erqo
404 4527 538 4597 quomodo
551 4527 637 4582 dictus
651 4527 686 4580 sit
699 4525 781 4581 Filius
797 4527 883 4583 Patris
898 4527 1045 4597 brachium,

255 4635 303 4689 per
321 4618 391 4689 quod
411 4617 491 4674 Pater
502 4629 627 4688 operatus
648 4626 688 4672 cst
710 4619 814 4686 omnim
828 4635 862 4674 nc
877 4621 927 4675 hoc
940 4635 993 4676 non
1007 4621 1046 4676 in·

255 4709 408 4780 tellipendo,
423 4718 451 4766 et
468 4710 494 4765 in
510 4711 549 4765 sui
563 4710 662 4765 erroris
672 4710 789 4765 tenebris
804 4713 993 4780 permanendo,
1010 4713 1046 4767 si·

254 4803 331 4858 miles
340 4803 392 4858 sint
407 4801 505 4857 iudaeis
520 4802 594 4870 ipsis,
608 4800 751 4871 dequibus
764 4801 864 4858 dietum
877 4813 928 4872 est,
943 4803 977 4858 Et
988 4806 1046 4860 irn-

251 4894 337 4948 ehism
353 4893 454 4950 Domini
464 4895 505 4948 cni
514 4893 712 4949 reuelonmesti

290 4986 317 5040 ι.
338 4985 387 5041 llic
406 4985 522 5041 occurrit
541 4985 623 5040 altera
637 4985 758 5054 quaestio,
773 4983 807 5040 ιε
821 5001 872 5057 qna
893 4986 1000 5058 quidem
1017 4997 1045 5046 ιιι

255 5085 438 5147 competenter
461 5077 558 5146 aliquid
581 5077 736 5145 disputetur,
759 5085 787 5134 ct
800 5093 892 5134 omnes
906 5079 964 5149 ejus
979 5080 1045 5137 late·

255 5168 404 5224 broaissitni
417 5169 493 5223 siuns
505 5176 704 5237 perscrutentur
722 5175 751 5223 et
775 5170 941 5225 excutiantur
962 5179 991 5224 ut
1004 5171 1044 5226 di·

253 5272 335 5329 pnum
349 5268 399 5324 est,
412 5273 463 5314 nec
476 5273 595 5313 mearum
606 5257 701 5312 virium
714 5273 774 5312 esse
787 5259 912 5327 arbitror,
933 5276 982 5316 nec
994 5275 1044 5316 an·

254 5351 401 5418 puellarum
423 5349 562 5419 temporis,
585 5362 635 5404 neo
649 5355 745 5404 vestrae
757 5350 920 5420 capacitatis.
942 5349 1042 5408 Tamen

254 5437 316 5509 quia
329 5439 441 5494 transire
452 5438 485 5494 ad
495 5438 546 5494 alia
557 5447 645 5494 vestra
655 5439 841 5510 expectatione
853 5453 907 5496 non
917 5440 1041 5510 sinimur,

285 5570 350 5622 ¹rste
368 5569 806 5634 nemorumnemorum
821 5577 857 5623 eo
873 5571 1044 5637 commune

251 5630 539 5746 cunum
549 5632 822 5747 erumnae
832 5636 1043 5750 uram

252 5701 344 5808 tw
494 5702 558 5759 ιιι
825 5695 949 5761 mmmm
1006 5711 1042 5752 vo

285 5792 713 5881 'stctnnscntnreolttsounmn

1107 2057 1177 2098 rum.
1189 2042 1354 2114 Quapropter
1366 2045 1388 2100 si
1402 2060 1433 2100 ea
1445 2061 1504 2116 qne
1512 2044 1557 2104 ille
1566 2049 1833 2121 praeseivttlpsorum,
1843 2069 1896 2110 non

1107 2143 1169 2188 sunt
1180 2119 1313 2204 ipsorum
1328 2152 1379 2192 non
1395 2151 1457 2192 vere
1470 2137 1516 2194 illc
1529 2139 1678 2208 prescivit:
1692 2141 1739 2198 sed
1750 2143 1811 2214 qnia
1827 2144 1897 2200 illius

1105 2225 1271 2296 prescientia
1284 2226 1340 2282 lalli
1354 2243 1405 2284 non
1421 2236 1521 2299 potest;
1534 2231 1592 2286 sine
1604 2231 1686 2293 dnbio
1695 2249 1748 2289 non
1761 2235 1840 2304 nlius,
1849 2237 1896 2292 sed

1107 2316 1156 2386 ipsi
1167 2327 1287 2388 peccant,
1298 2334 1364 2390 qnos
1374 2321 1444 2378 Deus
1456 2332 1612 2393 pcccstnros
1621 2341 1681 2383 esse
1694 2329 1836 2399 prescivit.
1845 2329 1896 2388 Fe·

1106 2416 1201 2463 cerunt
1214 2424 1278 2481 erqo
1291 2421 1425 2480 moratum
1440 2411 1535 2480 lndaei,
1550 2414 1620 2486 quod
1633 2431 1681 2474 eos
1695 2432 1748 2474 non
1767 2421 1895 2491 compulit

1106 2497 1202 2566 lacere,
1212 2499 1255 2556 cni
1265 2512 1402 2572 peccatum
1414 2519 1466 2560 non
1475 2505 1576 2576 placet;
1584 2506 1753 2566 sedlactnros
1759 2525 1821 2567 esse
1829 2527 1896 2582 prce·

1105 2591 1182 2659 dixit,
1197 2607 1276 2663 quem
1288 2593 1353 2648 nihil
1364 2594 1437 2650 latet.
1449 2595 1482 2650 tn
1494 2596 1555 2652 ideo
1569 2597 1592 2652 si
1604 2612 1659 2654 non
1670 2599 1779 2667 malunt,
1789 2600 1894 2660 sedbe-

1105 2697 1169 2738 num
1184 2683 1271 2742 lacere
1285 2686 1440 2755 voluissent,
1452 2703 1506 2744 non
1519 2689 1738 2759 prohiberentnr;
1749 2702 1776 2750 et
1788 2693 1841 2750 ltoc
1854 2693 1894 2752 ia·

1105 2775 1174 2830 eturi
1195 2774 1403 2846 previderentnr
1414 2778 1448 2834 ab
1463 2794 1496 2836 eo
1509 2781 1554 2852 qni
1567 2783 1640 2838 novit
1653 2782 1717 2855 qnid
1734 2785 1769 2841 sit
1782 2787 1896 2860 quisque

1105 2865 1233 2936 lacttuus,
1246 2868 1348 2939 etquid
1361 2869 1386 2925 ei
1401 2870 1436 2924 sit
1450 2886 1497 2941 pro
1510 2863 1569 2942 c'jtts
1580 2887 1662 2945 opere
1676 2875 1841 2934 redditurus.

1140 2959 1167 3016 l.
1188 2959 1240 3016 Sed
1261 2968 1289 3016 ct
1299 2974 1359 3032 que
1371 2973 1518 3032 sequnntur
1527 2963 1665 3036 Evangelii
1680 2967 1759 3024 verba
1773 2971 1835 3041 plus
1848 2987 1893 3026 ttr-
1910 2965 1922 2976 ’

1105 3061 1177 3124 pent,
1194 3063 1221 3108 ct
1243 3051 1440 3122 profundiorem
1456 3053 1555 3116 iaciunt
1572 3059 1763 3129 questionem:
1775 3062 1895 3135 adiungit

1104 3143 1186 3212 ειιίιιι,
1198 3151 1226 3199 ει
1236 3143 1309 3211 dicit,
1323 3145 1461 3217 Propterea
1473 3165 1524 3203 non
1533 3159 1648 3222 poterunt
1659 3151 1769 3222 medere,
1779 3155 1896 3224 qniaite·

1104 3252 1161 3290 rum
1175 3235 1239 3290 dinit
1251 3235 1353 3293 lacios:
1364 3237 1506 3294 emerant
1519 3241 1604 3297 oculos
1618 3258 1715 3312 eorum,
1729 3255 1753 3300 ct
1766 3245 1895 3304 irminam

1104 3342 1253 3394 cereorum,
1265 3337 1352 3384 utnon
1366 3329 1465 3384 ridenu
1478 3330 1567 3399 ornus,
1581 3341 1607 3386 et
1620 3333 1762 3406 imellipnnt
1773 3337 1861 3404 eorde,
1871 3349 1895 3394 et

1104 3425 1290 3484 conuertuntur,
1303 3427 1326 3474 et
1336 3435 1422 3474 sonem
1431 3421 1499 3476 iilos.
1512 3421 1613 3479 Dicitur
1620 3423 1691 3478 enirn
1698 3423 1776 3482 nobis
1785 3443 1794 3482 a
1802 3425 1832 3488 sl
1841 3443 1894 3484 non

1103 3515 1246 3578 potnerunt
1256 3508 1374 3577 credere,
1383 3510 1454 3582 qnod
1462 3521 1599 3584 peccatum
1612 3520 1654 3569 εει
1666 3513 1842 3573 hominisnon
1853 3519 1893 3574 la-

1104 3598 1198 3656 cientis
1210 3599 1280 3670 qnod
1290 3615 1342 3656 non
1351 3611 1439 3670 potest
1450 3601 1584 3659 laceretsi
1594 3615 1682 3660 autem
1693 3621 1746 3664 nou
1758 3607 1893 3667 credendo

1104 3699 1288 3760 peecaverunt,
1303 3695 1643 3765 potuerunterqoercdcre,
1656 3704 1683 3753 ct
1694 3713 1746 3754 non
1759 3698 1892 3757 iecerunt.

1102 3783 1131 3840 Si
1143 3798 1207 3854 erqo
1221 3790 1373 3854 potuerunt,
1387 3784 1520 3856 quomodo
1534 3787 1597 3842 dicit
1616 3787 1800 3862 Evangelinm,
1822 3791 1892 3848 Pro·

1103 3883 1187 3945 pterea
1202 3892 1252 3930 non
1268 3885 1382 3948 poterant
1405 3877 1514 3945 credere,
1532 3879 1590 3948 quin
1608 3879 1698 3934 iterum
1718 3881 1782 3938 dieti
1796 3881 1891 3952 lenior,

1102 3965 1342 4023 decemuirorum
1364 3985 1460 4037 emunt,
1482 3979 1505 4024 ct
1527 3970 1655 4026 indormit
1677 3989 1721 4029 cor
1734 3990 1837 4042 eornm;
1852 3987 1891 4043 ut,

1101 4059 1172 4130 quod
1191 4069 1233 4114 εει
1252 4061 1368 4131 gneius,
1388 4060 1421 4116 ad
1436 4061 1517 4117 Deum
1531 4061 1661 4119 releratnr
1674 4079 1753 4121 causa
1772 4082 1824 4138 qua
1839 4083 1892 4125 non

1101 4149 1281 4218 erediderunt,
1298 4152 1511 4223 quandoquidem
1525 4151 1582 4223 ipse
1595 4157 1727 4211 meconii
1740 4157 1827 4213 oculos
1848 4177 1893 4216 eo·

1091 4231 1168 4308 rum,
1185 4254 1207 4296 et
1218 4242 1344 4298 indormit
1357 4260 1400 4298 cor
1413 4245 1585 4302 eorumilVon
1598 4249 1670 4303 enirn
1684 4249 1779 4306 saltem
1794 4251 1845 4308 hoe
1858 4252 1893 4309 de

1100 4335 1206 4392 diaholo
1217 4335 1322 4404 dicitur,
1333 4336 1380 4393 εει
1392 4337 1426 4393 ιε
1434 4339 1498 4406 Deo,
1508 4339 1579 4411 quod
1589 4340 1644 4412 ipsa
1655 4343 1807 4414 prophetice
1815 4343 1891 4402 Scri-

1101 4435 1176 4495 ptura
1190 4435 1312 4484 testatur.
1326 4427 1394 4484 Nam
1408 4429 1430 4484 si
1441 4417 1602 4487 arbitremur
1613 4431 1665 4489 hoc
1676 4433 1775 4490 dictum
1788 4433 1822 4492 dc
1835 4435 1893 4492 dia-

1100 4519 1173 4588 bolo,
1185 4521 1254 4592 quod
1264 4522 1395 4576 mcoeenoit
1404 4521 1490 4578 oculos
1499 4539 1593 4590 eornm,
1606 4533 1630 4581 et
1641 4541 1684 4582 cor
1692 4527 1838 4594 indntrooit,¹
1852 4529 1892 4588 ln-

1100 4611 1246 4668 borandnm
1257 4622 1298 4670 εει
1308 4614 1441 4686 quomodo
1454 4615 1557 4671 illorum
1568 4617 1683 4687 culpant,
1694 4619 1754 4689 quio
1768 4635 1820 4675 non
1831 4637 1891 4678 cre·

1099 4703 1232 4771 didernnt,
1248 4705 1381 4775 possimus
1393 4707 1544 4773 ostendere,
1562 4707 1595 4763 de
1608 4709 1704 4780 quibus
1717 4711 1823 4778 dicitur,
1838 4730 1892 4768 non

1099 4806 1213 4870 puerunt
1226 4797 1336 4853 credere.
1353 4798 1453 4855 Deinde
1466 4800 1530 4872 quid
1543 4802 1761 4872 respondebimus
1779 4803 1814 4860 de
1836 4806 1892 4862 allo

1098 4889 1234 4962 prophete
1249 4891 1331 4960 ipsius
1349 4891 1511 4957 testimonio,
1527 4893 1596 4963 quod
1612 4895 1699 4964 posuit
1710 4893 1809 4952 l’aulm
1821 4911 1891 4967 apo-

1098 4983 1182 5039 stolus
1197 4983 1304 5052 dicens:
1321 4981 1395 5049 Quod
1407 4984 1534 5056 querelor
1547 4983 1639 5054 lsrael,
1655 4985 1702 5041 boe
1713 5003 1763 5042 non
1774 4995 1813 5042 ert
1826 5004 1891 5044 con·

1096 5086 1213 5140 rustum
1226 5075 1311 5130 electio
1325 5083 1410 5130 nutem
1427 5087 1558 5131 consecuto
1570 5087 1606 5132 ert
1616 5094 1625 5132 :
1636 5077 1719 5134 ceteri
1733 5093 1790 5134 sero
1804 5095 1890 5136 aete·

1099 5168 1149 5222 coti
1161 5177 1230 5234 tunt,
1243 5169 1307 5222 sieut
1321 5167 1441 5236 scriptum
1461 5177 1508 5232 est,
1523 5166 1599 5222 Dedit
1619 5169 1671 5223 illie
1685 5167 1752 5224 Dent
1770 5169 1890 5242 spiritum

1096 5259 1295 5330 compunctionis
1300 5259 1447 5328 ;octtlor,ut
1456 5275 1507 5314 non
1514 5259 1623 5328 uideant,
1630 5269 1653 5316 et
1660 5277 1743 5327 cures,
1751 5269 1778 5316 nt
1786 5279 1891 5318 nono*

1096 5351 1178 5421 diunt,
1187 5350 1297 5423 usquein
1305 5349 1617 5424 hodiernnmdiemlhom.
1629 5367 1668 5420 ιι,
1677 5353 1704 5420 7,
1713 5351 1818 5420 ierint,
1829 5353 1889 5427 tlt).

1130 5443 1158 5502 ι.
1173 5444 1301 5511 Audistis,
1309 5443 1416 5513 iratres,
1425 5445 1588 5516 propositam
1596 5445 1780 5518 questionem,
1789 5461 1889 5519 nempe

1095 5551 1173 5610 qnam
1186 5535 1317 5608 protunda
1331 5537 1367 5593 sit
1378 5537 1486 5594 cernitis
1495 5556 1503 5595 :
1512 5539 1560 5596 scd
1573 5539 1764 5610 respondemus
1779 5548 1807 5596 ut
1823 5555 1888 5611 pos-

1095 5645 1197 5688 sumus.
1214 5627 1275 5685 Non
1286 5638 1400 5702 poteram
1411 5629 1523 5702 eredere,
1534 5633 1595 5702 qnia
1605 5629 1745 5690 hoclsaias
1755 5632 1889 5705 propheta

1095 5725 1233 5798 predixit:
1251 5724 1302 5779 hoc
1323 5733 1411 5780 numm
1433 5724 1566 5794 Propheta
1590 5725 1722 5798 predixit,
1737 5725 1799 5798 quia
1814 5725 1888 5782 Dctts

1095 5818 1146 5876 hoc
1159 5816 1276 5874 lutnrum
1289 5827 1348 5873 esse
1361 5816 1501 5888 prescivit.
1517 5817 1604 5887 Quare
1624 5826 1712 5876 autern
1732 5833 1786 5876 non
1806 5827 1887 5892 pote·
