<?xml version="1.0" encoding="UTF-8"?>
<!DOCTYPE html PUBLIC "-//W3C//DTD XHTML 1.0 Transitional//EN"
    "http://www.w3.org/TR/xhtml1/DTD/xhtml1-transitional.dtd">
<html xmlns="http://www.w3.org/1999/xhtml" xml:lang="en" lang="en">
 <head>
  <title>
</title>
<meta http-equiv="Content-Type" content="text/html;charset=utf-8" />
  <meta name='ocr-system' content='tesseract 3.04.00' />
  <meta name='ocr-capabilities' content='ocr_page ocr_carea ocr_par ocr_line ocrx_word'/>
</head>
<body>
  <div class='ocr_page' id='page_1' title='image "./patrologiaecurs143migngoog_0326.png"; bbox 0 0 4000 6359; ppageno 0'>
   <div class='ocr_carea' id='block_1_1' title="bbox 260 288 330 351">
    <p class='ocr_par' dir='ltr' id='par_1_1' title="bbox 260 288 330 351">
     <span class='ocr_line' id='line_1_1' title="bbox 260 288 330 351; baseline -0.057 0"><span class='ocrx_word' id='word_1_1' title='bbox 260 288 330 351; x_wconf 72' lang='grc'>1955</span> 
     </span>
    </p>
   </div>
   <div class='ocr_carea' id='block_1_2' title="bbox 261 382 1054 575">
    <p class='ocr_par' dir='ltr' id='par_1_2' title="bbox 261 382 1054 575">
     <span class='ocr_line' id='line_1_2' title="bbox 261 382 1054 483; baseline -0.039 -18"><span class='ocrx_word' id='word_1_2' title='bbox 261 407 332 483; x_wconf 88' lang='lat' dir='ltr'>qnod</span> <span class='ocrx_word' id='word_1_3' title='bbox 346 405 431 462; x_wconf 92' lang='lat' dir='ltr'>luerat</span> <span class='ocrx_word' id='word_1_4' title='bbox 447 398 673 475; x_wconf 66' lang='lat' dir='ltr'>praetermissum</span> <span class='ocrx_word' id='word_1_5' title='bbox 687 402 715 449; x_wconf 92' lang='lat' dir='ltr'>ot</span> <span class='ocrx_word' id='word_1_6' title='bbox 736 401 823 448; x_wconf 87' lang='lat' dir='ltr'>tamen</span> <span class='ocrx_word' id='word_1_7' title='bbox 845 385 922 459; x_wconf 80' lang='lat' dir='ltr'><strong>quasi</strong></span> <span class='ocrx_word' id='word_1_8' title='bbox 945 382 996 438; x_wconf 90' lang='lat' dir='ltr'>boc</span> <span class='ocrx_word' id='word_1_9' title='bbox 1010 393 1054 435; x_wconf 89' lang='lat' dir='ltr'>se·</span> 
     </span>
     <span class='ocr_line' id='line_1_3' title="bbox 263 479 1054 575; baseline -0.042 -16"><span class='ocrx_word' id='word_1_10' title='bbox 263 508 390 575; x_wconf 74' lang='lat' dir='ltr'>queretur</span> <span class='ocrx_word' id='word_1_11' title='bbox 404 496 557 568; x_wconf 77' lang='lat' dir='ltr'>adiunctum</span> <span class='ocrx_word' id='word_1_12' title='bbox 570 500 622 547; x_wconf 89' lang='lat' dir='ltr'>est.</span> <span class='ocrx_word' id='word_1_13' title='bbox 632 487 698 545; x_wconf 78' lang='lat' dir='ltr'>(lum</span> <span class='ocrx_word' id='word_1_14' title='bbox 711 484 783 539; x_wconf 91' lang='lat' dir='ltr'>enim</span> <span class='ocrx_word' id='word_1_15' title='bbox 805 482 859 552; x_wconf 86' lang='lat' dir='ltr'>jam</span> <span class='ocrx_word' id='word_1_16' title='bbox 874 479 995 543; x_wconf 81' lang='lat' dir='ltr'>dixisset,</span> <span class='ocrx_word' id='word_1_17' title='bbox 1015 490 1054 528; x_wconf 89' lang='lat' dir='ltr'>oe·</span> 
     </span>
    </p>
   </div>
   <div class='ocr_carea' id='block_1_3' title="bbox 263 576 1056 744">
    <p class='ocr_par' dir='ltr' id='par_1_3' title="bbox 263 576 1056 744">
     <span class='ocr_line' id='line_1_4' title="bbox 263 576 1056 649; baseline -0.037 0"><span class='ocrx_word' id='word_1_18' title='bbox 263 601 353 649; x_wconf 87' lang='lat' dir='ltr'>nerant</span> <span class='ocrx_word' id='word_1_19' title='bbox 366 588 400 643; x_wconf 85' lang='lat' dir='ltr'>od</span> <span class='ocrx_word' id='word_1_20' title='bbox 413 594 610 648; x_wconf 73' lang='lat' dir='ltr'>monumentum,</span> <span class='ocrx_word' id='word_1_21' title='bbox 621 588 758 649; x_wconf 76' lang='lat' dir='ltr'>regressus</span> <span class='ocrx_word' id='word_1_22' title='bbox 766 580 808 628; x_wconf 90' lang='lat' dir='ltr'>est</span> <span class='ocrx_word' id='word_1_23' title='bbox 820 580 849 627; x_wconf 93' lang='lat' dir='ltr'>ut</span> <span class='ocrx_word' id='word_1_24' title='bbox 859 576 979 625; x_wconf 80' lang='lat' dir='ltr'>narraret</span> <span class='ocrx_word' id='word_1_25' title='bbox 987 581 1056 637; x_wconf 88' lang='lat' dir='ltr'>quo·</span> 
     </span>
     <span class='ocr_line' id='line_1_5' title="bbox 263 655 1054 744; baseline -0.037 -6"><span class='ocrx_word' id='word_1_26' title='bbox 263 682 343 739; x_wconf 88' lang='lat' dir='ltr'>rrtodu</span> <span class='ocrx_word' id='word_1_27' title='bbox 355 685 500 742; x_wconf 80' lang='lat' dir='ltr'>uenerunt3</span> <span class='ocrx_word' id='word_1_28' title='bbox 512 685 590 744; x_wconf 89' lang='lat' dir='ltr'>atque</span> <span class='ocrx_word' id='word_1_29' title='bbox 603 673 655 733; x_wconf 88' lang='lat' dir='ltr'>ait,</span> <span class='ocrx_word' id='word_1_30' title='bbox 666 664 799 721; x_wconf 77' lang='lat' dir='ltr'>currebant</span> <span class='ocrx_word' id='word_1_31' title='bbox 810 671 893 717; x_wconf 82' lang='lat' dir='ltr'>autent</span> <span class='ocrx_word' id='word_1_32' title='bbox 907 660 958 714; x_wconf 88' lang='lat' dir='ltr'>duo</span> <span class='ocrx_word' id='word_1_33' title='bbox 967 655 1054 721; x_wconf 79' lang='lat' dir='ltr'>rinnel,</span> 
     </span>
    </p>
   </div>
   <div class='ocr_carea' id='block_1_4' title="bbox 263 755 1063 2028">
    <p class='ocr_par' dir='ltr' id='par_1_4' title="bbox 263 755 1058 1026">
     <span class='ocr_line' id='line_1_6' title="bbox 263 755 1056 834; baseline -0.037 -5"><span class='ocrx_word' id='word_1_34' title='bbox 263 783 315 829; x_wconf 90' lang='lat' dir='ltr'>otc.</span> <span class='ocrx_word' id='word_1_35' title='bbox 327 769 379 829; x_wconf 90' lang='lat' dir='ltr'>Ubi</span> <span class='ocrx_word' id='word_1_36' title='bbox 392 767 510 824; x_wconf 89' lang='lat' dir='ltr'>ostendit</span> <span class='ocrx_word' id='word_1_37' title='bbox 531 762 601 834; x_wconf 90' lang='lat' dir='ltr'>quod</span> <span class='ocrx_word' id='word_1_38' title='bbox 616 771 782 831; x_wconf 73' lang='lat' dir='ltr'>precurrens</span> <span class='ocrx_word' id='word_1_39' title='bbox 803 755 837 810; x_wconf 89' lang='lat' dir='ltr'>ad</span> <span class='ocrx_word' id='word_1_40' title='bbox 851 757 1056 807; x_wconf 85' lang='lat' dir='ltr'>mouumentum</span> 
     </span>
     <span class='ocr_line' id='line_1_7' title="bbox 264 839 1058 937; baseline -0.034 -17"><span class='ocrx_word' id='word_1_41' title='bbox 264 865 338 937; x_wconf 89' lang='lat' dir='ltr'>prior</span> <span class='ocrx_word' id='word_1_42' title='bbox 357 862 458 917; x_wconf 86' lang='lat' dir='ltr'>venerit</span> <span class='ocrx_word' id='word_1_43' title='bbox 469 858 538 912; x_wconf 89' lang='lat' dir='ltr'>alius</span> <span class='ocrx_word' id='word_1_44' title='bbox 552 854 597 909; x_wconf 91' lang='lat' dir='ltr'>ille</span> <span class='ocrx_word' id='word_1_45' title='bbox 621 848 778 919; x_wconf 89' lang='lat' dir='ltr'>discipulus,</span> <span class='ocrx_word' id='word_1_46' title='bbox 794 859 874 916; x_wconf 89' lang='lat' dir='ltr'>quem</span> <span class='ocrx_word' id='word_1_47' title='bbox 890 842 1008 912; x_wconf 89' lang='lat' dir='ltr'>seipsum</span> <span class='ocrx_word' id='word_1_48' title='bbox 1020 839 1058 895; x_wconf 91' lang='lat' dir='ltr'>si·</span> 
     </span>
     <span class='ocr_line' id='line_1_8' title="bbox 264 933 937 1026; baseline -0.036 -18"><span class='ocrx_word' id='word_1_49' title='bbox 264 954 383 1026; x_wconf 91' lang='lat' dir='ltr'>gnitieat,</span> <span class='ocrx_word' id='word_1_50' title='bbox 397 950 443 1007; x_wconf 91' lang='lat' dir='ltr'>sed</span> <span class='ocrx_word' id='word_1_51' title='bbox 459 958 583 1017; x_wconf 85' lang='lat' dir='ltr'>tartquam</span> <span class='ocrx_word' id='word_1_52' title='bbox 597 942 630 999; x_wconf 90' lang='lat' dir='ltr'>de</span> <span class='ocrx_word' id='word_1_53' title='bbox 641 942 694 995; x_wconf 92' lang='lat' dir='ltr'>alio</span> <span class='ocrx_word' id='word_1_54' title='bbox 707 946 801 995; x_wconf 84' lang='lat' dir='ltr'>curtata</span> <span class='ocrx_word' id='word_1_55' title='bbox 813 942 905 990; x_wconf 88' lang='lat' dir='ltr'>narrat</span> <span class='ocrx_word' id='word_1_56' title='bbox 918 933 937 983; x_wconf 86' lang='lat'>².</span> 
     </span>
    </p>

    <p class='ocr_par' dir='ltr' id='par_1_5' title="bbox 265 1022 1063 2028">
     <span class='ocr_line' id='line_1_9' title="bbox 300 1022 1057 1101; baseline -0.032 -2"><span class='ocrx_word' id='word_1_57' title='bbox 300 1045 326 1099; x_wconf 91' lang='lat'>8.</span> <span class='ocrx_word' id='word_1_58' title='bbox 343 1062 352 1097; x_wconf 89' lang='grc' dir='ltr'>ι</span> <span class='ocrx_word' id='word_1_59' title='bbox 369 1042 402 1097; x_wconf 85' lang='grc' dir='ltr'>Ει</span> <span class='ocrx_word' id='word_1_60' title='bbox 416 1054 476 1095; x_wconf 90' lang='lat' dir='ltr'>cum</span> <span class='ocrx_word' id='word_1_61' title='bbox 489 1052 518 1093; x_wconf 89' lang='lat' dir='ltr'>se</span> <span class='ocrx_word' id='word_1_62' title='bbox 529 1034 692 1099; x_wconf 85' lang='lat' dir='ltr'>inclinasset,</span> <span class='ocrx_word' id='word_1_63' title='bbox 712 1030 806 1101; x_wconf 89' lang='lat' dir='ltr'>inquit,</span> <span class='ocrx_word' id='word_1_64' title='bbox 825 1026 889 1081; x_wconf 88' lang='lat' dir='ltr'>uidit</span> <span class='ocrx_word' id='word_1_65' title='bbox 902 1024 987 1095; x_wconf 89' lang='lat' dir='ltr'>posita</span> <span class='ocrx_word' id='word_1_66' title='bbox 1004 1022 1057 1077; x_wconf 87' lang='lat' dir='ltr'>lin-</span> 
     </span>
     <span class='ocr_line' id='line_1_10' title="bbox 265 1112 1057 1199; baseline -0.032 -8"><span class='ocrx_word' id='word_1_67' title='bbox 265 1134 390 1199; x_wconf 91' lang='lat' dir='ltr'>teamina,</span> <span class='ocrx_word' id='word_1_68' title='bbox 406 1146 458 1185; x_wconf 88' lang='lat' dir='ltr'>aon</span> <span class='ocrx_word' id='word_1_69' title='bbox 473 1136 561 1183; x_wconf 92' lang='lat' dir='ltr'>tamen</span> <span class='ocrx_word' id='word_1_70' title='bbox 572 1122 700 1180; x_wconf 87' lang='lat' dir='ltr'>introirit.</span> <span class='ocrx_word' id='word_1_71' title='bbox 720 1119 800 1175; x_wconf 86' lang='lat' dir='ltr'>Venit</span> <span class='ocrx_word' id='word_1_72' title='bbox 815 1132 879 1189; x_wconf 87' lang='lat' dir='ltr'>ergo</span> <span class='ocrx_word' id='word_1_73' title='bbox 892 1116 984 1171; x_wconf 86' lang='lat' dir='ltr'>Simon</span> <span class='ocrx_word' id='word_1_74' title='bbox 1005 1112 1057 1168; x_wconf 87' lang='lat' dir='ltr'>Pe-</span> 
     </span>
     <span class='ocr_line' id='line_1_11' title="bbox 266 1211 1060 1295; baseline -0.031 -11"><span class='ocrx_word' id='word_1_75' title='bbox 266 1239 323 1284; x_wconf 90' lang='lat' dir='ltr'>trus</span> <span class='ocrx_word' id='word_1_76' title='bbox 344 1237 459 1295; x_wconf 90' lang='lat' dir='ltr'>sequens</span> <span class='ocrx_word' id='word_1_77' title='bbox 473 1234 545 1286; x_wconf 87' lang='lat' dir='ltr'>cunr,</span> <span class='ocrx_word' id='word_1_78' title='bbox 570 1224 597 1273; x_wconf 94' lang='lat' dir='ltr'>ct</span> <span class='ocrx_word' id='word_1_79' title='bbox 621 1212 742 1269; x_wconf 75' lang='lat' dir='ltr'>introivit</span> <span class='ocrx_word' id='word_1_80' title='bbox 756 1211 781 1265; x_wconf 90' lang='lat' dir='ltr'>in</span> <span class='ocrx_word' id='word_1_81' title='bbox 798 1213 997 1265; x_wconf 92' lang='lat' dir='ltr'>monumentum</span> <span class='ocrx_word' id='word_1_82' title='bbox 1010 1220 1018 1271; x_wconf 75' lang='lat'>5</span> <span class='ocrx_word' id='word_1_83' title='bbox 1031 1212 1060 1259; x_wconf 92' lang='lat' dir='ltr'>et</span> 
     </span>
     <span class='ocr_line' id='line_1_12' title="bbox 266 1298 1060 1381; baseline -0.028 -8"><span class='ocrx_word' id='word_1_84' title='bbox 266 1319 331 1373; x_wconf 82' lang='lat' dir='ltr'>sidit</span> <span class='ocrx_word' id='word_1_85' title='bbox 340 1314 492 1373; x_wconf 89' lang='lat' dir='ltr'>linteamina</span> <span class='ocrx_word' id='word_1_86' title='bbox 505 1310 599 1381; x_wconf 86' lang='lat' dir='ltr'>posita,</span> <span class='ocrx_word' id='word_1_87' title='bbox 617 1317 644 1363; x_wconf 91' lang='lat' dir='ltr'>et</span> <span class='ocrx_word' id='word_1_88' title='bbox 656 1304 793 1363; x_wconf 88' lang='lat' dir='ltr'>sudarium</span> <span class='ocrx_word' id='word_1_89' title='bbox 805 1299 876 1371; x_wconf 92' lang='lat' dir='ltr'>quod</span> <span class='ocrx_word' id='word_1_90' title='bbox 885 1298 1060 1366; x_wconf 87' lang='lat' dir='ltr'>iueratsuper</span> 
     </span>
     <span class='ocr_line' id='line_1_13' title="bbox 267 1390 1060 1482; baseline -0.029 -16"><span class='ocrx_word' id='word_1_91' title='bbox 267 1418 347 1482; x_wconf 89' lang='lat' dir='ltr'>caput</span> <span class='ocrx_word' id='word_1_92' title='bbox 362 1408 430 1479; x_wconf 80' lang='lat' dir='ltr'>ojus,</span> <span class='ocrx_word' id='word_1_93' title='bbox 452 1419 505 1460; x_wconf 94' lang='lat' dir='ltr'>non</span> <span class='ocrx_word' id='word_1_94' title='bbox 521 1418 581 1458; x_wconf 91' lang='lat' dir='ltr'>eum</span> <span class='ocrx_word' id='word_1_95' title='bbox 602 1396 799 1455; x_wconf 77' lang='lat' dir='ltr'>linteaminibus</span> <span class='ocrx_word' id='word_1_96' title='bbox 814 1394 940 1464; x_wconf 90' lang='lat' dir='ltr'>positum,</span> <span class='ocrx_word' id='word_1_97' title='bbox 954 1390 1001 1445; x_wconf 87' lang='lat' dir='ltr'>sed</span> <span class='ocrx_word' id='word_1_98' title='bbox 1015 1403 1060 1444; x_wconf 90' lang='lat' dir='ltr'>se·</span> 
     </span>
     <span class='ocr_line' id='line_1_14' title="bbox 266 1483 1061 1573; baseline -0.025 -16"><span class='ocrx_word' id='word_1_99' title='bbox 266 1501 379 1573; x_wconf 82' lang='lat' dir='ltr'>paratim</span> <span class='ocrx_word' id='word_1_100' title='bbox 404 1496 550 1553; x_wconf 79' lang='lat' dir='ltr'>involutum</span> <span class='ocrx_word' id='word_1_101' title='bbox 577 1492 603 1547; x_wconf 92' lang='lat' dir='ltr'>in</span> <span class='ocrx_word' id='word_1_102' title='bbox 630 1504 710 1545; x_wconf 92' lang='lat' dir='ltr'>unum</span> <span class='ocrx_word' id='word_1_103' title='bbox 734 1487 832 1542; x_wconf 91' lang='lat' dir='ltr'>locum.</span> <span class='ocrx_word' id='word_1_104' title='bbox 859 1503 869 1538; x_wconf 88' lang='grc' dir='ltr'>ι</span> <span class='ocrx_word' id='word_1_105' title='bbox 898 1483 1061 1539; x_wconf 84' lang='lat' dir='ltr'>Putamusne</span> 
     </span>
     <span class='ocr_line' id='line_1_15' title="bbox 267 1572 1061 1661; baseline -0.028 -12"><span class='ocrx_word' id='word_1_106' title='bbox 267 1592 332 1649; x_wconf 90' lang='lat' dir='ltr'>nibil</span> <span class='ocrx_word' id='word_1_107' title='bbox 346 1593 395 1647; x_wconf 92' lang='lat' dir='ltr'>ista</span> <span class='ocrx_word' id='word_1_108' title='bbox 407 1586 575 1661; x_wconf 77' lang='lat' dir='ltr'>significanti</span> <span class='ocrx_word' id='word_1_109' title='bbox 587 1584 758 1654; x_wconf 78' lang='lat' dir='ltr'>Nequaquam</span> <span class='ocrx_word' id='word_1_110' title='bbox 772 1579 824 1634; x_wconf 86' lang='lat' dir='ltr'>lroe</span> <span class='ocrx_word' id='word_1_111' title='bbox 834 1575 994 1648; x_wconf 82' lang='lat' dir='ltr'>putaverim.</span> <span class='ocrx_word' id='word_1_112' title='bbox 1006 1572 1061 1629; x_wconf 88' lang='lat' dir='ltr'>Setl</span> 
     </span>
     <span class='ocr_line' id='line_1_16' title="bbox 267 1664 1062 1745; baseline -0.026 -5"><span class='ocrx_word' id='word_1_113' title='bbox 267 1684 301 1739; x_wconf 90' lang='lat' dir='ltr'>ad</span> <span class='ocrx_word' id='word_1_114' title='bbox 321 1684 372 1738; x_wconf 89' lang='lat' dir='ltr'>alia</span> <span class='ocrx_word' id='word_1_115' title='bbox 392 1680 558 1743; x_wconf 77' lang='lat' dir='ltr'>festinamus,</span> <span class='ocrx_word' id='word_1_116' title='bbox 584 1676 609 1731; x_wconf 92' lang='lat' dir='ltr'>in</span> <span class='ocrx_word' id='word_1_117' title='bbox 634 1673 730 1745; x_wconf 88' lang='lat' dir='ltr'>quibus</span> <span class='ocrx_word' id='word_1_118' title='bbox 750 1666 885 1725; x_wconf 88' lang='lat' dir='ltr'>immorari</span> <span class='ocrx_word' id='word_1_119' title='bbox 907 1664 1062 1737; x_wconf 71' lang='lat' dir='ltr'>quaestionis</span> 
     </span>
     <span class='ocr_line' id='line_1_17' title="bbox 268 1755 1062 1838; baseline -0.029 -7"><span class='ocrx_word' id='word_1_120' title='bbox 268 1775 312 1831; x_wconf 87' lang='lat' dir='ltr'>rol</span> <span class='ocrx_word' id='word_1_121' title='bbox 319 1772 488 1829; x_wconf 88' lang='lat' dir='ltr'>obscuritatis</span> <span class='ocrx_word' id='word_1_122' title='bbox 497 1768 609 1838; x_wconf 89' lang='lat' dir='ltr'>alicujus</span> <span class='ocrx_word' id='word_1_123' title='bbox 620 1764 777 1819; x_wconf 86' lang='lat' dir='ltr'>necessitate</span> <span class='ocrx_word' id='word_1_124' title='bbox 787 1758 982 1831; x_wconf 86' lang='lat' dir='ltr'>compellimur.</span> <span class='ocrx_word' id='word_1_125' title='bbox 993 1755 1062 1811; x_wconf 86' lang='lat' dir='ltr'>Nam</span> 
     </span>
     <span class='ocr_line' id='line_1_18' title="bbox 269 1840 1062 1935; baseline -0.029 -14"><span class='ocrx_word' id='word_1_126' title='bbox 269 1867 318 1922; x_wconf 91' lang='lat' dir='ltr'>ista</span> <span class='ocrx_word' id='word_1_127' title='bbox 328 1880 386 1935; x_wconf 78' lang='lat' dir='ltr'>qnae</span> <span class='ocrx_word' id='word_1_128' title='bbox 400 1877 447 1933; x_wconf 89' lang='lat' dir='ltr'>per</span> <span class='ocrx_word' id='word_1_129' title='bbox 459 1858 545 1929; x_wconf 88' lang='lat' dir='ltr'>seipsa</span> <span class='ocrx_word' id='word_1_130' title='bbox 555 1840 780 1918; x_wconf 47' lang='lat' dir='ltr'>manifesta‘sunt,</span> <span class='ocrx_word' id='word_1_131' title='bbox 791 1849 855 1923; x_wconf 90' lang='lat' dir='ltr'>quid</span> <span class='ocrx_word' id='word_1_132' title='bbox 867 1846 968 1918; x_wconf 86' lang='lat' dir='ltr'>singula</span> <span class='ocrx_word' id='word_1_133' title='bbox 981 1846 1062 1901; x_wconf 90' lang='lat' dir='ltr'>etiam</span> 
     </span>
     <span class='ocr_line' id='line_1_19' title="bbox 270 1933 1063 2028; baseline -0.029 -16"><span class='ocrx_word' id='word_1_134' title='bbox 270 1956 428 2028; x_wconf 79' lang='lat' dir='ltr'>significent,</span> <span class='ocrx_word' id='word_1_135' title='bbox 444 1963 565 2022; x_wconf 79' lang='lat' dir='ltr'>quaerere</span> <span class='ocrx_word' id='word_1_136' title='bbox 579 1957 678 2003; x_wconf 65' lang='lat' dir='ltr'>satiatio</span> <span class='ocrx_word' id='word_1_137' title='bbox 692 1942 799 2014; x_wconf 88' lang='lat' dir='ltr'>quidem</span> <span class='ocrx_word' id='word_1_138' title='bbox 812 1939 915 1995; x_wconf 75' lang='lat' dir='ltr'>deliciae</span> <span class='ocrx_word' id='word_1_139' title='bbox 927 1944 997 2003; x_wconf 89' lang='lat' dir='ltr'>sunt,</span> <span class='ocrx_word' id='word_1_140' title='bbox 1014 1933 1063 1991; x_wconf 88' lang='lat' dir='ltr'>scd</span> 
     </span>
    </p>
   </div>
   <div class='ocr_carea' id='block_1_5' title="bbox 154 2036 756 2111">
    <p class='ocr_par' dir='ltr' id='par_1_6' title="bbox 154 2036 756 2111">
     <span class='ocr_line' id='line_1_20' title="bbox 154 2036 756 2111; baseline -0.03 -7"><span class='ocrx_word' id='word_1_141' title='bbox 154 2036 169 2049; x_wconf 79' lang='lat'>&#39;</span> <span class='ocrx_word' id='word_1_142' title='bbox 270 2046 426 2107; x_wconf 88' lang='lat' dir='ltr'>otiosorum,</span> <span class='ocrx_word' id='word_1_143' title='bbox 441 2038 510 2111; x_wconf 90' lang='lat' dir='ltr'>quod</span> <span class='ocrx_word' id='word_1_144' title='bbox 527 2052 580 2092; x_wconf 87' lang='lat' dir='ltr'>non</span> <span class='ocrx_word' id='word_1_145' title='bbox 592 2050 684 2090; x_wconf 85' lang='lat' dir='ltr'>sumus</span> <span class='ocrx_word' id='word_1_146' title='bbox 696 2048 756 2087; x_wconf 90' lang='lat' dir='ltr'>nos.</span> 
     </span>
    </p>
   </div>
   <div class='ocr_carea' id='block_1_6' title="bbox 272 2104 1074 3755">
    <p class='ocr_par' dir='ltr' id='par_1_7' title="bbox 272 2104 1074 3755">
     <span class='ocr_line' id='line_1_21' title="bbox 306 2104 1065 2203; baseline -0.028 -11"><span class='ocrx_word' id='word_1_147' title='bbox 306 2137 333 2193; x_wconf 85' lang='lat'>9.</span> <span class='ocrx_word' id='word_1_148' title='bbox 346 2136 418 2191; x_wconf 85' lang='lat' dir='ltr'>Turta</span> <span class='ocrx_word' id='word_1_149' title='bbox 440 2148 498 2203; x_wconf 86' lang='lat' dir='ltr'>erga</span> <span class='ocrx_word' id='word_1_150' title='bbox 513 2128 620 2194; x_wconf 88' lang='lat' dir='ltr'>introiit,</span> <span class='ocrx_word' id='word_1_151' title='bbox 646 2136 669 2180; x_wconf 90' lang='lat' dir='ltr'>et</span> <span class='ocrx_word' id='word_1_152' title='bbox 683 2120 727 2178; x_wconf 84' lang='lat' dir='ltr'>itte</span> <span class='ocrx_word' id='word_1_153' title='bbox 753 2104 894 2195; x_wconf 77' lang='lat' dir='ltr'>discipulas</span> <span class='ocrx_word' id='word_1_154' title='bbox 908 2118 950 2191; x_wconf 89' lang='lat' dir='ltr'>qui</span> <span class='ocrx_word' id='word_1_155' title='bbox 963 2124 1065 2171; x_wconf 84' lang='lat' dir='ltr'>uenerat</span> 
     </span>
     <span class='ocr_line' id='line_1_22' title="bbox 272 2208 1066 2303; baseline -0.03 -18"><span class='ocrx_word' id='word_1_156' title='bbox 272 2230 368 2303; x_wconf 84' lang='lat' dir='ltr'>primas</span> <span class='ocrx_word' id='word_1_157' title='bbox 378 2226 411 2280; x_wconf 87' lang='lat' dir='ltr'>ad</span> <span class='ocrx_word' id='word_1_158' title='bbox 423 2230 622 2278; x_wconf 86' lang='lat' dir='ltr'>tltettaatetrtttrtt.</span> <span class='ocrx_word' id='word_1_159' title='bbox 641 2218 718 2273; x_wconf 84' lang='lat' dir='ltr'>Prius</span> <span class='ocrx_word' id='word_1_160' title='bbox 730 2215 813 2279; x_wconf 82' lang='lat' dir='ltr'>venit,</span> <span class='ocrx_word' id='word_1_161' title='bbox 830 2222 857 2268; x_wconf 92' lang='lat' dir='ltr'>et</span> <span class='ocrx_word' id='word_1_162' title='bbox 876 2210 1011 2284; x_wconf 78' lang='lat' dir='ltr'>posterior</span> <span class='ocrx_word' id='word_1_163' title='bbox 1025 2208 1066 2263; x_wconf 92' lang='lat' dir='ltr'>in·</span> 
     </span>
     <span class='ocr_line' id='line_1_23' title="bbox 274 2302 1067 2387; baseline -0.026 -11"><span class='ocrx_word' id='word_1_164' title='bbox 274 2320 361 2377; x_wconf 88' lang='lat' dir='ltr'>trarit.</span> <span class='ocrx_word' id='word_1_165' title='bbox 375 2316 466 2387; x_wconf 84' lang='lat' dir='ltr'>Neque</span> <span class='ocrx_word' id='word_1_166' title='bbox 476 2313 528 2369; x_wconf 90' lang='lat' dir='ltr'>boc</span> <span class='ocrx_word' id='word_1_167' title='bbox 542 2313 633 2382; x_wconf 91' lang='lat' dir='ltr'>utique</span> <span class='ocrx_word' id='word_1_168' title='bbox 644 2316 730 2374; x_wconf 84' lang='lat' dir='ltr'>vacat,</span> <span class='ocrx_word' id='word_1_169' title='bbox 745 2306 791 2363; x_wconf 91' lang='lat' dir='ltr'>sed</span> <span class='ocrx_word' id='word_1_170' title='bbox 814 2304 879 2359; x_wconf 90' lang='lat' dir='ltr'>milti</span> <span class='ocrx_word' id='word_1_171' title='bbox 895 2302 928 2358; x_wconf 92' lang='lat' dir='ltr'>ad</span> <span class='ocrx_word' id='word_1_172' title='bbox 943 2304 991 2357; x_wconf 90' lang='lat' dir='ltr'>ista</span> <span class='ocrx_word' id='word_1_173' title='bbox 1012 2315 1067 2355; x_wconf 90' lang='lat' dir='ltr'>nou</span> 
     </span>
     <span class='ocr_line' id='line_1_24' title="bbox 273 2394 1066 2474; baseline -0.025 -8"><span class='ocrx_word' id='word_1_174' title='bbox 273 2418 359 2466; x_wconf 77' lang='lat' dir='ltr'>sacal.</span> <span class='ocrx_word' id='word_1_175' title='bbox 376 2408 409 2462; x_wconf 81' lang='lat' dir='ltr'>Et</span> <span class='ocrx_word' id='word_1_176' title='bbox 423 2406 493 2470; x_wconf 85' lang='lat' dir='ltr'>uidit,</span> <span class='ocrx_word' id='word_1_177' title='bbox 508 2402 601 2474; x_wconf 88' lang='lat' dir='ltr'>inquit,</span> <span class='ocrx_word' id='word_1_178' title='bbox 613 2410 636 2455; x_wconf 89' lang='lat' dir='ltr'>et</span> <span class='ocrx_word' id='word_1_179' title='bbox 650 2398 767 2455; x_wconf 86' lang='lat' dir='ltr'>eredidit.</span> <span class='ocrx_word' id='word_1_180' title='bbox 780 2396 829 2452; x_wconf 87' lang='lat' dir='ltr'>ilic</span> <span class='ocrx_word' id='word_1_181' title='bbox 845 2394 1066 2463; x_wconf 89' lang='lat' dir='ltr'>nonnulliparum</span> 
     </span>
     <span class='ocr_line' id='line_1_25' title="bbox 274 2481 1067 2567; baseline -0.026 -10"><span class='ocrx_word' id='word_1_182' title='bbox 274 2499 453 2561; x_wconf 88' lang='lat' dir='ltr'>attendentes,</span> <span class='ocrx_word' id='word_1_183' title='bbox 472 2502 565 2567; x_wconf 90' lang='lat' dir='ltr'>putant</span> <span class='ocrx_word' id='word_1_184' title='bbox 588 2491 639 2546; x_wconf 90' lang='lat' dir='ltr'>boc</span> <span class='ocrx_word' id='word_1_185' title='bbox 664 2488 794 2545; x_wconf 86' lang='lat' dir='ltr'>loannem</span> <span class='ocrx_word' id='word_1_186' title='bbox 815 2486 972 2551; x_wconf 74' lang='lat' dir='ltr'>credidisse,</span> <span class='ocrx_word' id='word_1_187' title='bbox 996 2481 1067 2554; x_wconf 91' lang='lat' dir='ltr'>quod</span> 
     </span>
     <span class='ocr_line' id='line_1_26' title="bbox 274 2574 1066 2654; baseline -0.028 -6"><span class='ocrx_word' id='word_1_188' title='bbox 274 2592 352 2648; x_wconf 87' lang='lat' dir='ltr'>lesus</span> <span class='ocrx_word' id='word_1_189' title='bbox 365 2586 525 2651; x_wconf 79' lang='lat' dir='ltr'>resurrexit3</span> <span class='ocrx_word' id='word_1_190' title='bbox 539 2582 587 2641; x_wconf 88' lang='lat' dir='ltr'>sed</span> <span class='ocrx_word' id='word_1_191' title='bbox 599 2582 669 2654; x_wconf 91' lang='lat' dir='ltr'>qnod</span> <span class='ocrx_word' id='word_1_192' title='bbox 686 2580 814 2652; x_wconf 86' lang='lat' dir='ltr'>sequitur,</span> <span class='ocrx_word' id='word_1_193' title='bbox 830 2576 941 2632; x_wconf 83' lang='lat' dir='ltr'>ltocnrm</span> <span class='ocrx_word' id='word_1_194' title='bbox 956 2574 1066 2630; x_wconf 90' lang='lat' dir='ltr'>indicat.</span> 
     </span>
     <span class='ocr_line' id='line_1_27' title="bbox 275 2666 1067 2753; baseline -0.024 -17"><span class='ocrx_word' id='word_1_195' title='bbox 275 2683 343 2753; x_wconf 87' lang='lat' dir='ltr'>Quid</span> <span class='ocrx_word' id='word_1_196' title='bbox 358 2681 408 2735; x_wconf 86' lang='lat' dir='ltr'>sibi</span> <span class='ocrx_word' id='word_1_197' title='bbox 422 2680 492 2735; x_wconf 89' lang='lat' dir='ltr'>enim</span> <span class='ocrx_word' id='word_1_198' title='bbox 518 2676 575 2732; x_wconf 86' lang='lat' dir='ltr'>ruit</span> <span class='ocrx_word' id='word_1_199' title='bbox 597 2672 668 2745; x_wconf 89' lang='lat' dir='ltr'>quud</span> <span class='ocrx_word' id='word_1_200' title='bbox 690 2672 780 2727; x_wconf 88' lang='lat' dir='ltr'>statim</span> <span class='ocrx_word' id='word_1_201' title='bbox 795 2668 926 2739; x_wconf 82' lang='lat' dir='ltr'>adjunxit,</span> <span class='ocrx_word' id='word_1_202' title='bbox 943 2666 1067 2720; x_wconf 85' lang='lat' dir='ltr'>Nondum</span> 
     </span>
     <span class='ocr_line' id='line_1_28' title="bbox 276 2758 1067 2839; baseline -0.024 -10"><span class='ocrx_word' id='word_1_203' title='bbox 276 2776 342 2829; x_wconf 90' lang='lat' dir='ltr'>enirn</span> <span class='ocrx_word' id='word_1_204' title='bbox 355 2772 465 2828; x_wconf 82' lang='lat' dir='ltr'>sciebant</span> <span class='ocrx_word' id='word_1_205' title='bbox 481 2769 651 2839; x_wconf 75' lang='lat' dir='ltr'>Scriptorum,</span> <span class='ocrx_word' id='word_1_206' title='bbox 673 2764 732 2833; x_wconf 90' lang='lat' dir='ltr'>qaia</span> <span class='ocrx_word' id='word_1_207' title='bbox 752 2771 851 2833; x_wconf 86' lang='lat' dir='ltr'>eportet</span> <span class='ocrx_word' id='word_1_208' title='bbox 866 2776 923 2814; x_wconf 88' lang='lat' dir='ltr'>caat</span> <span class='ocrx_word' id='word_1_209' title='bbox 936 2776 951 2812; x_wconf 91' lang='lat' dir='ltr'>a</span> <span class='ocrx_word' id='word_1_210' title='bbox 963 2758 1067 2811; x_wconf 84' lang='lat' dir='ltr'>mortuis</span> 
     </span>
     <span class='ocr_line' id='line_1_29' title="bbox 276 2852 1070 2936; baseline -0.024 -15"><span class='ocrx_word' id='word_1_211' title='bbox 276 2864 423 2936; x_wconf 76' lang='lat' dir='ltr'>reserpere?</span> <span class='ocrx_word' id='word_1_212' title='bbox 435 2860 492 2918; x_wconf 91' lang='lat' dir='ltr'>Non</span> <span class='ocrx_word' id='word_1_213' title='bbox 505 2873 568 2930; x_wconf 89' lang='lat' dir='ltr'>ergo</span> <span class='ocrx_word' id='word_1_214' title='bbox 587 2872 648 2912; x_wconf 90' lang='lat' dir='ltr'>cum</span> <span class='ocrx_word' id='word_1_215' title='bbox 661 2853 773 2910; x_wconf 91' lang='lat' dir='ltr'>credidit</span> <span class='ocrx_word' id='word_1_216' title='bbox 787 2852 978 2913; x_wconf 79' lang='lat' dir='ltr'>resurrexisse,</span> <span class='ocrx_word' id='word_1_217' title='bbox 989 2862 1070 2919; x_wconf 90' lang='lat' dir='ltr'>quem</span> 
     </span>
     <span class='ocr_line' id='line_1_30' title="bbox 277 2938 1071 3021; baseline -0.024 -8"><span class='ocrx_word' id='word_1_218' title='bbox 277 2954 415 3013; x_wconf 75' lang='lat' dir='ltr'>nesciebant</span> <span class='ocrx_word' id='word_1_219' title='bbox 429 2962 553 3021; x_wconf 86' lang='lat' dir='ltr'>upartere</span> <span class='ocrx_word' id='word_1_220' title='bbox 572 2960 721 3017; x_wconf 76' lang='lat' dir='ltr'>resurgere.</span> <span class='ocrx_word' id='word_1_221' title='bbox 741 2943 809 3014; x_wconf 84' lang='lat' dir='ltr'>Quid</span> <span class='ocrx_word' id='word_1_222' title='bbox 827 2956 891 3013; x_wconf 88' lang='lat' dir='ltr'>ergo</span> <span class='ocrx_word' id='word_1_223' title='bbox 907 2939 990 2995; x_wconf 77' lang='lat' dir='ltr'>riditt</span> <span class='ocrx_word' id='word_1_224' title='bbox 1007 2938 1071 3009; x_wconf 85' lang='lat' dir='ltr'>quid</span> 
     </span>
     <span class='ocr_line' id='line_1_31' title="bbox 277 3030 1071 3103; baseline -0.02 -2"><span class='ocrx_word' id='word_1_225' title='bbox 277 3044 405 3103; x_wconf 80' lang='lat' dir='ltr'>credidit?</span> <span class='ocrx_word' id='word_1_226' title='bbox 420 3043 490 3097; x_wconf 80' lang='lat' dir='ltr'>tidit</span> <span class='ocrx_word' id='word_1_227' title='bbox 504 3040 603 3095; x_wconf 88' lang='lat' dir='ltr'>scilieet</span> <span class='ocrx_word' id='word_1_228' title='bbox 618 3038 696 3099; x_wconf 89' lang='lat' dir='ltr'>inane</span> <span class='ocrx_word' id='word_1_229' title='bbox 712 3044 922 3096; x_wconf 91' lang='lat' dir='ltr'>monumentum,</span> <span class='ocrx_word' id='word_1_230' title='bbox 936 3038 963 3087; x_wconf 92' lang='lat' dir='ltr'>et</span> <span class='ocrx_word' id='word_1_231' title='bbox 982 3030 1071 3086; x_wconf 88' lang='lat' dir='ltr'>credi-</span> 
     </span>
     <span class='ocr_line' id='line_1_32' title="bbox 277 3126 1071 3208; baseline -0.021 -14"><span class='ocrx_word' id='word_1_232' title='bbox 277 3140 317 3194; x_wconf 90' lang='lat' dir='ltr'>dit</span> <span class='ocrx_word' id='word_1_233' title='bbox 336 3136 407 3208; x_wconf 77' lang='lat' dir='ltr'>(quand</span> <span class='ocrx_word' id='word_1_234' title='bbox 421 3136 524 3190; x_wconf 88' lang='lat' dir='ltr'>dixerat</span> <span class='ocrx_word' id='word_1_235' title='bbox 548 3131 652 3196; x_wconf 90' lang='lat' dir='ltr'>mulier,</span> <span class='ocrx_word' id='word_1_236' title='bbox 678 3142 739 3184; x_wconf 90' lang='lat' dir='ltr'>eum</span> <span class='ocrx_word' id='word_1_237' title='bbox 762 3126 796 3181; x_wconf 88' lang='lat' dir='ltr'>de</span> <span class='ocrx_word' id='word_1_238' title='bbox 817 3132 989 3181; x_wconf 80' lang='lat' dir='ltr'>meritamente</span> <span class='ocrx_word' id='word_1_239' title='bbox 1011 3136 1071 3178; x_wconf 86' lang='lat' dir='ltr'>esse</span> 
     </span>
     <span class='ocr_line' id='line_1_33' title="bbox 279 3217 1071 3289; baseline -0.024 -3"><span class='ocrx_word' id='word_1_240' title='bbox 279 3225 558 3286; x_wconf 71' lang='lat' dir='ltr'>subinnuationem</span> <span class='ocrx_word' id='word_1_241' title='bbox 578 3224 644 3277; x_wconf 86' lang='lat' dir='ltr'>enim</span> <span class='ocrx_word' id='word_1_242' title='bbox 668 3220 780 3276; x_wconf 75' lang='lat' dir='ltr'>sciebant</span> <span class='ocrx_word' id='word_1_243' title='bbox 804 3217 984 3289; x_wconf 84' lang='lat' dir='ltr'>Scripturarrt,</span> <span class='ocrx_word' id='word_1_244' title='bbox 1010 3218 1071 3284; x_wconf 88' lang='lat' dir='ltr'>qaia</span> 
     </span>
     <span class='ocr_line' id='line_1_34' title="bbox 280 3304 1074 3392; baseline -0.019 -17"><span class='ocrx_word' id='word_1_245' title='bbox 280 3328 403 3392; x_wconf 85' lang='lat' dir='ltr'>oporteret</span> <span class='ocrx_word' id='word_1_246' title='bbox 417 3334 472 3372; x_wconf 88' lang='lat' dir='ltr'>enm</span> <span class='ocrx_word' id='word_1_247' title='bbox 485 3332 500 3369; x_wconf 91' lang='lat' dir='ltr'>a</span> <span class='ocrx_word' id='word_1_248' title='bbox 514 3314 618 3368; x_wconf 88' lang='lat' dir='ltr'>ntortuis</span> <span class='ocrx_word' id='word_1_249' title='bbox 637 3327 776 3383; x_wconf 82' lang='lat' dir='ltr'>restargere.</span> <span class='ocrx_word' id='word_1_250' title='bbox 792 3308 827 3363; x_wconf 88' lang='grc' dir='ltr'>Ει</span> <span class='ocrx_word' id='word_1_251' title='bbox 845 3308 905 3363; x_wconf 89' lang='lat' dir='ltr'>ideo</span> <span class='ocrx_word' id='word_1_252' title='bbox 917 3305 1024 3378; x_wconf 85' lang='lat' dir='ltr'>quaudo</span> <span class='ocrx_word' id='word_1_253' title='bbox 1046 3304 1074 3360; x_wconf 85' lang='lat' dir='ltr'>id</span> 
     </span>
     <span class='ocr_line' id='line_1_35' title="bbox 281 3397 1073 3481; baseline -0.015 -15"><span class='ocrx_word' id='word_1_254' title='bbox 281 3414 315 3467; x_wconf 92' lang='lat' dir='ltr'>ab</span> <span class='ocrx_word' id='word_1_255' title='bbox 330 3413 388 3481; x_wconf 89' lang='lat' dir='ltr'>ipsa</span> <span class='ocrx_word' id='word_1_256' title='bbox 401 3410 515 3464; x_wconf 90' lang='lat' dir='ltr'>Domino</span> <span class='ocrx_word' id='word_1_257' title='bbox 527 3404 686 3472; x_wconf 86' lang='lat' dir='ltr'>audiebant,</span> <span class='ocrx_word' id='word_1_258' title='bbox 706 3402 826 3475; x_wconf 82' lang='lat' dir='ltr'>quamvis</span> <span class='ocrx_word' id='word_1_259' title='bbox 839 3400 1007 3471; x_wconf 85' lang='lat' dir='ltr'>apertissime</span> <span class='ocrx_word' id='word_1_260' title='bbox 1031 3397 1073 3454; x_wconf 90' lang='lat' dir='ltr'>di-</span> 
     </span>
     <span class='ocr_line' id='line_1_36' title="bbox 280 3490 1071 3568; baseline -0.018 -11"><span class='ocrx_word' id='word_1_261' title='bbox 280 3512 402 3568; x_wconf 90' lang='lat' dir='ltr'>cerctur;</span> <span class='ocrx_word' id='word_1_262' title='bbox 413 3496 604 3555; x_wconf 86' lang='lat' dir='ltr'>consuetudine</span> <span class='ocrx_word' id='word_1_263' title='bbox 615 3493 739 3549; x_wconf 88' lang='lat' dir='ltr'>audiendi</span> <span class='ocrx_word' id='word_1_264' title='bbox 754 3491 788 3546; x_wconf 90' lang='lat' dir='ltr'>ab</span> <span class='ocrx_word' id='word_1_265' title='bbox 802 3490 849 3546; x_wconf 90' lang='lat' dir='ltr'>illa</span> <span class='ocrx_word' id='word_1_266' title='bbox 858 3490 1008 3561; x_wconf 85' lang='lat' dir='ltr'>parabolas,</span> <span class='ocrx_word' id='word_1_267' title='bbox 1018 3504 1071 3544; x_wconf 90' lang='lat' dir='ltr'>nou</span> 
     </span>
     <span class='ocr_line' id='line_1_37' title="bbox 280 3579 1071 3665; baseline -0.018 -14"><span class='ocrx_word' id='word_1_268' title='bbox 280 3579 1071 3665; x_wconf 84' lang='lat' dir='ltr'>intelligebant,etaliquidaliutleuntsignilicarecretlebaut.</span> 
     </span>
     <span class='ocr_line' id='line_1_38' title="bbox 281 3676 1073 3755; baseline -0.016 -12"><span class='ocrx_word' id='word_1_269' title='bbox 281 3687 373 3743; x_wconf 72' lang='lat' dir='ltr'>Sedca</span> <span class='ocrx_word' id='word_1_270' title='bbox 386 3701 444 3755; x_wconf 70' lang='lat' dir='ltr'>aquae</span> <span class='ocrx_word' id='word_1_271' title='bbox 453 3692 598 3755; x_wconf 89' lang='lat' dir='ltr'>sequnntur</span> <span class='ocrx_word' id='word_1_272' title='bbox 609 3682 636 3735; x_wconf 89' lang='lat' dir='ltr'>in</span> <span class='ocrx_word' id='word_1_273' title='bbox 649 3694 799 3735; x_wconf 88' lang='lat' dir='ltr'>sermonem</span> <span class='ocrx_word' id='word_1_274' title='bbox 813 3678 892 3732; x_wconf 92' lang='lat' dir='ltr'>alium</span> <span class='ocrx_word' id='word_1_275' title='bbox 908 3676 1073 3732; x_wconf 82' lang='lat' dir='ltr'>differamus.</span> 
     </span>
    </p>
   </div>
   <div class='ocr_carea' id='block_1_7' title="bbox 514 3787 830 3849">
    <p class='ocr_par' dir='ltr' id='par_1_8' title="bbox 514 3787 830 3849">
     <span class='ocr_line' id='line_1_39' title="bbox 514 3787 830 3849; baseline -0.019 0"><span class='ocrx_word' id='word_1_276' title='bbox 514 3790 717 3849; x_wconf 68' lang='lat' dir='ltr'>Tllel&#39;anUS</span> <span class='ocrx_word' id='word_1_277' title='bbox 736 3787 830 3845; x_wconf 79' lang='lat' dir='ltr'>CXXI.</span> 
     </span>
    </p>
   </div>
   <div class='ocr_carea' id='block_1_8' title="bbox 282 3899 1079 5447">
    <p class='ocr_par' dir='ltr' id='par_1_9' title="bbox 282 3899 1076 4153">
     <span class='ocr_line' id='line_1_40' title="bbox 282 3899 1075 3979; baseline -0.014 -14"><span class='ocrx_word' id='word_1_278' title='bbox 282 3910 321 3965; x_wconf 86' lang='lat' dir='ltr'>De</span> <span class='ocrx_word' id='word_1_279' title='bbox 335 3924 363 3963; x_wconf 90' lang='lat' dir='ltr'>eo</span> <span class='ocrx_word' id='word_1_280' title='bbox 377 3907 444 3979; x_wconf 84' lang='lat' dir='ltr'>qaod</span> <span class='ocrx_word' id='word_1_281' title='bbox 458 3906 579 3977; x_wconf 81' lang='lat' dir='ltr'>sequitur,</span> <span class='ocrx_word' id='word_1_282' title='bbox 596 3904 726 3958; x_wconf 80' lang='lat' dir='ltr'>Abierant</span> <span class='ocrx_word' id='word_1_283' title='bbox 737 3917 800 3971; x_wconf 88' lang='lat' dir='ltr'>ergo</span> <span class='ocrx_word' id='word_1_284' title='bbox 810 3900 910 3958; x_wconf 87' lang='lat' dir='ltr'>iterum</span> <span class='ocrx_word' id='word_1_285' title='bbox 923 3899 956 3955; x_wconf 88' lang='lat' dir='ltr'>ad</span> <span class='ocrx_word' id='word_1_286' title='bbox 972 3907 1075 3956; x_wconf 88' lang='lat' dir='ltr'>semet·</span> 
     </span>
     <span class='ocr_line' id='line_1_41' title="bbox 317 3989 1076 4069; baseline -0.012 -15"><span class='ocrx_word' id='word_1_287' title='bbox 317 4001 390 4069; x_wconf 86' lang='lat' dir='ltr'>ipsas</span> <span class='ocrx_word' id='word_1_288' title='bbox 410 3996 548 4064; x_wconf 81' lang='lat' dir='ltr'>discipuli3</span> <span class='ocrx_word' id='word_1_289' title='bbox 569 3992 744 4062; x_wconf 73' lang='lat' dir='ltr'>nequeenim,</span> <span class='ocrx_word' id='word_1_290' title='bbox 764 3991 838 4047; x_wconf 87' lang='lat' dir='ltr'>Beati</span> <span class='ocrx_word' id='word_1_291' title='bbox 864 3992 909 4061; x_wconf 93' lang='lat' dir='ltr'>qui</span> <span class='ocrx_word' id='word_1_292' title='bbox 924 4004 978 4044; x_wconf 83' lang='lat' dir='ltr'>raon</span> <span class='ocrx_word' id='word_1_293' title='bbox 999 3989 1076 4045; x_wconf 82' lang='lat' dir='ltr'>ride·</span> 
     </span>
     <span class='ocr_line' id='line_1_42' title="bbox 317 4082 913 4153; baseline -0.012 -10"><span class='ocrx_word' id='word_1_294' title='bbox 317 4096 380 4143; x_wconf 88' lang='lat' dir='ltr'>runt</span> <span class='ocrx_word' id='word_1_295' title='bbox 391 4096 418 4143; x_wconf 86' lang='lat' dir='ltr'>et</span> <span class='ocrx_word' id='word_1_296' title='bbox 429 4086 609 4142; x_wconf 87' lang='lat' dir='ltr'>crediderunt.</span> <span class='ocrx_word' id='word_1_297' title='bbox 624 4082 686 4153; x_wconf 84' lang='lat' dir='ltr'>Cap.</span> <span class='ocrx_word' id='word_1_298' title='bbox 702 4098 748 4148; x_wconf 82' lang='lat' dir='ltr'>xx,</span> <span class='ocrx_word' id='word_1_299' title='bbox 771 4082 789 4153; x_wconf 68' lang='lat' dir='ltr'>i</span> <span class='ocrx_word' id='word_1_300' title='bbox 801 4123 809 4137; x_wconf 93' lang='lat'>.</span> <span class='ocrx_word' id='word_1_301' title='bbox 821 4082 913 4137; x_wconf 72' lang='lat' dir='ltr'>tttsa.</span> 
     </span>
    </p>

    <p class='ocr_par' dir='ltr' id='par_1_10' title="bbox 284 4172 1079 5447">
     <span class='ocr_line' id='line_1_43' title="bbox 320 4172 1076 4241; baseline -0.008 -8"><span class='ocrx_word' id='word_1_302' title='bbox 320 4180 345 4233; x_wconf 94' lang='lat' dir='ltr'>l.</span> <span class='ocrx_word' id='word_1_303' title='bbox 358 4178 497 4234; x_wconf 80' lang='lat' dir='ltr'>Sublatam</span> <span class='ocrx_word' id='word_1_304' title='bbox 511 4190 572 4232; x_wconf 86' lang='lat' dir='ltr'>esse</span> <span class='ocrx_word' id='word_1_305' title='bbox 584 4176 726 4229; x_wconf 85' lang='lat' dir='ltr'>Dominum</span> <span class='ocrx_word' id='word_1_306' title='bbox 739 4172 773 4229; x_wconf 86' lang='lat' dir='ltr'>de</span> <span class='ocrx_word' id='word_1_307' title='bbox 790 4181 974 4241; x_wconf 90' lang='lat' dir='ltr'>monumento,</span> <span class='ocrx_word' id='word_1_308' title='bbox 992 4173 1076 4229; x_wconf 85' lang='lat' dir='ltr'>disei-</span> 
     </span>
     <span class='ocr_line' id='line_1_44' title="bbox 284 4264 1073 4343; baseline -0.009 -17"><span class='ocrx_word' id='word_1_309' title='bbox 284 4270 354 4343; x_wconf 89' lang='lat' dir='ltr'>pulls</span> <span class='ocrx_word' id='word_1_310' title='bbox 368 4270 428 4339; x_wconf 82' lang='lat' dir='ltr'>ejus</span> <span class='ocrx_word' id='word_1_311' title='bbox 440 4268 521 4324; x_wconf 79' lang='lat' dir='ltr'>Petro</span> <span class='ocrx_word' id='word_1_312' title='bbox 530 4275 558 4323; x_wconf 86' lang='lat' dir='ltr'>et</span> <span class='ocrx_word' id='word_1_313' title='bbox 570 4266 666 4321; x_wconf 86' lang='lat' dir='ltr'>loanni</span> <span class='ocrx_word' id='word_1_314' title='bbox 691 4264 857 4320; x_wconf 86' lang='lat' dir='ltr'>otrntiaverat</span> <span class='ocrx_word' id='word_1_315' title='bbox 868 4264 950 4320; x_wconf 86' lang='lat' dir='ltr'>ldaria</span> <span class='ocrx_word' id='word_1_316' title='bbox 964 4266 1073 4335; x_wconf 88' lang='lat' dir='ltr'>llagda·</span> 
     </span>
     <span class='ocr_line' id='line_1_45' title="bbox 285 4356 1074 4433; baseline -0.01 -12"><span class='ocrx_word' id='word_1_317' title='bbox 285 4365 363 4420; x_wconf 82' lang='lat' dir='ltr'>lene:</span> <span class='ocrx_word' id='word_1_318' title='bbox 379 4376 431 4433; x_wconf 92' lang='lat' dir='ltr'>quo</span> <span class='ocrx_word' id='word_1_319' title='bbox 442 4360 479 4417; x_wconf 93' lang='lat' dir='ltr'>illi</span> <span class='ocrx_word' id='word_1_320' title='bbox 492 4360 638 4424; x_wconf 83' lang='lat' dir='ltr'>venientes,</span> <span class='ocrx_word' id='word_1_321' title='bbox 658 4358 818 4413; x_wconf 78' lang='lat' dir='ltr'>invenerunt</span> <span class='ocrx_word' id='word_1_322' title='bbox 839 4357 896 4414; x_wconf 91' lang='lat' dir='ltr'>sola</span> <span class='ocrx_word' id='word_1_323' title='bbox 909 4356 1074 4426; x_wconf 86' lang='lat' dir='ltr'>linteamina,</span> 
     </span>
     <span class='ocr_line' id='line_1_46' title="bbox 284 4447 1076 4527; baseline -0.008 -16"><span class='ocrx_word' id='word_1_324' title='bbox 284 4456 381 4527; x_wconf 90' lang='lat' dir='ltr'>quibus</span> <span class='ocrx_word' id='word_1_325' title='bbox 395 4466 491 4523; x_wconf 89' lang='lat' dir='ltr'>corpus</span> <span class='ocrx_word' id='word_1_326' title='bbox 504 4450 590 4507; x_wconf 87' lang='lat' dir='ltr'>luerat</span> <span class='ocrx_word' id='word_1_327' title='bbox 613 4449 777 4515; x_wconf 75' lang='lat' dir='ltr'>inuolutum,</span> <span class='ocrx_word' id='word_1_328' title='bbox 791 4457 820 4505; x_wconf 90' lang='lat' dir='ltr'>et</span> <span class='ocrx_word' id='word_1_329' title='bbox 837 4447 901 4521; x_wconf 93' lang='lat' dir='ltr'>quid</span> <span class='ocrx_word' id='word_1_330' title='bbox 922 4448 994 4505; x_wconf 85' lang='lat' dir='ltr'>aliud</span> <span class='ocrx_word' id='word_1_331' title='bbox 1015 4464 1076 4506; x_wconf 88' lang='lat' dir='ltr'>ere·</span> 
     </span>
     <span class='ocr_line' id='line_1_47' title="bbox 285 4540 1076 4617; baseline -0.01 -12"><span class='ocrx_word' id='word_1_332' title='bbox 285 4549 350 4605; x_wconf 88' lang='lat' dir='ltr'>dere</span> <span class='ocrx_word' id='word_1_333' title='bbox 366 4551 523 4617; x_wconf 89' lang='lat' dir='ltr'>potuerunt,</span> <span class='ocrx_word' id='word_1_334' title='bbox 544 4544 593 4597; x_wconf 90' lang='lat' dir='ltr'>nisi</span> <span class='ocrx_word' id='word_1_335' title='bbox 608 4541 679 4612; x_wconf 87' lang='lat' dir='ltr'>qnod</span> <span class='ocrx_word' id='word_1_336' title='bbox 696 4542 809 4609; x_wconf 79' lang='lat' dir='ltr'>dixerat,</span> <span class='ocrx_word' id='word_1_337' title='bbox 833 4540 904 4612; x_wconf 93' lang='lat' dir='ltr'>quod</span> <span class='ocrx_word' id='word_1_338' title='bbox 925 4542 1005 4597; x_wconf 90' lang='lat' dir='ltr'>etiam</span> <span class='ocrx_word' id='word_1_339' title='bbox 1018 4541 1076 4612; x_wconf 87' lang='lat' dir='ltr'>ipsa</span> 
     </span>
     <span class='ocr_line' id='line_1_48' title="bbox 285 4634 1077 4707; baseline -0.011 -10"><span class='ocrx_word' id='word_1_340' title='bbox 285 4637 452 4697; x_wconf 76' lang='lat' dir='ltr'>crediderat?</span> <span class='ocrx_word' id='word_1_341' title='bbox 472 4634 595 4689; x_wconf 79' lang='lat' dir='ltr'>Abierant</span> <span class='ocrx_word' id='word_1_342' title='bbox 613 4650 673 4707; x_wconf 80' lang='lat' dir='ltr'>erqo</span> <span class='ocrx_word' id='word_1_343' title='bbox 687 4634 778 4689; x_wconf 88' lang='lat' dir='ltr'>iterttm</span> <span class='ocrx_word' id='word_1_344' title='bbox 792 4634 826 4689; x_wconf 82' lang='lat' dir='ltr'>ad</span> <span class='ocrx_word' id='word_1_345' title='bbox 841 4635 986 4705; x_wconf 80' lang='lat' dir='ltr'>semetipsos</span> <span class='ocrx_word' id='word_1_346' title='bbox 1000 4634 1077 4689; x_wconf 81' lang='lat' dir='ltr'>atissi-</span> 
     </span>
     <span class='ocr_line' id='line_1_49' title="bbox 286 4714 1078 4808; baseline -0.009 -18"><span class='ocrx_word' id='word_1_347' title='bbox 286 4734 342 4808; x_wconf 79' lang='lat' dir='ltr'>pati</span> <span class='ocrx_word' id='word_1_348' title='bbox 356 4751 366 4790; x_wconf 93' lang='grc'>.·</span> <span class='ocrx_word' id='word_1_349' title='bbox 380 4735 469 4800; x_wconf 90' lang='lat' dir='ltr'>idest,</span> <span class='ocrx_word' id='word_1_350' title='bbox 491 4732 536 4788; x_wconf 93' lang='lat' dir='ltr'>ubi</span> <span class='ocrx_word' id='word_1_351' title='bbox 550 4730 715 4797; x_wconf 87' lang='lat' dir='ltr'>babitabant,</span> <span class='ocrx_word' id='word_1_352' title='bbox 730 4738 757 4785; x_wconf 90' lang='lat' dir='ltr'>et</span> <span class='ocrx_word' id='word_1_353' title='bbox 777 4714 848 4785; x_wconf 86' lang='lat' dir='ltr'>unde</span> <span class='ocrx_word' id='word_1_354' title='bbox 872 4729 906 4785; x_wconf 92' lang='lat' dir='ltr'>ad</span> <span class='ocrx_word' id='word_1_355' title='bbox 920 4742 1078 4785; x_wconf 88' lang='lat' dir='ltr'>monumen·</span> 
     </span>
     <span class='ocr_line' id='line_1_50' title="bbox 286 4822 1075 4886; baseline -0.013 -1"><span class='ocrx_word' id='word_1_356' title='bbox 286 4841 341 4886; x_wconf 88' lang='lat' dir='ltr'>turn</span> <span class='ocrx_word' id='word_1_357' title='bbox 352 4834 532 4884; x_wconf 84' lang='lat' dir='ltr'>cucurrerant.</span> <span class='ocrx_word' id='word_1_358' title='bbox 548 4824 633 4879; x_wconf 83' lang='lat' dir='ltr'>diaria</span> <span class='ocrx_word' id='word_1_359' title='bbox 647 4833 730 4877; x_wconf 83' lang='lat' dir='ltr'>aetem</span> <span class='ocrx_word' id='word_1_360' title='bbox 742 4822 825 4878; x_wconf 81' lang='lat' dir='ltr'>stabat</span> <span class='ocrx_word' id='word_1_361' title='bbox 838 4823 872 4876; x_wconf 85' lang='lat' dir='ltr'>ael</span> <span class='ocrx_word' id='word_1_362' title='bbox 885 4831 1075 4877; x_wconf 85' lang='lat' dir='ltr'>rttoaumeataat</span> 
     </span>
     <span class='ocr_line' id='line_1_51' title="bbox 286 4912 1075 4993; baseline -0.011 -17"><span class='ocrx_word' id='word_1_363' title='bbox 286 4922 349 4993; x_wconf 74' lang='lat' dir='ltr'>soris</span> <span class='ocrx_word' id='word_1_364' title='bbox 374 4918 488 4992; x_wconf 65' lang='lat' dir='ltr'>parans.</span> <span class='ocrx_word' id='word_1_365' title='bbox 512 4916 582 4973; x_wconf 88' lang='lat' dir='ltr'>lliris</span> <span class='ocrx_word' id='word_1_366' title='bbox 595 4916 668 4971; x_wconf 89' lang='lat' dir='ltr'>euim</span> <span class='ocrx_word' id='word_1_367' title='bbox 687 4914 879 4979; x_wconf 87' lang='lat' dir='ltr'>redeuntibus,</span> <span class='ocrx_word' id='word_1_368' title='bbox 902 4912 1075 4969; x_wconf 83' lang='lat' dir='ltr'>infirmiorem</span> 
     </span>
     <span class='ocr_line' id='line_1_52' title="bbox 286 5005 1073 5077; baseline -0.011 -9"><span class='ocrx_word' id='word_1_369' title='bbox 286 5026 380 5068; x_wconf 83' lang='lat' dir='ltr'>sexum</span> <span class='ocrx_word' id='word_1_370' title='bbox 391 5012 417 5065; x_wconf 94' lang='lat' dir='ltr'>in</span> <span class='ocrx_word' id='word_1_371' title='bbox 427 5008 521 5065; x_wconf 90' lang='lat' dir='ltr'>eodem</span> <span class='ocrx_word' id='word_1_372' title='bbox 537 5008 596 5064; x_wconf 88' lang='lat' dir='ltr'>loco</span> <span class='ocrx_word' id='word_1_373' title='bbox 607 5007 700 5063; x_wconf 82' lang='lat' dir='ltr'>tortior</span> <span class='ocrx_word' id='word_1_374' title='bbox 712 5006 808 5077; x_wconf 88' lang='lat' dir='ltr'>tlgebat</span> <span class='ocrx_word' id='word_1_375' title='bbox 821 5005 941 5061; x_wconf 90' lang='lat' dir='ltr'>allectus.</span> <span class='ocrx_word' id='word_1_376' title='bbox 955 5006 989 5061; x_wconf 83' lang='lat' dir='ltr'>Et</span> <span class='ocrx_word' id='word_1_377' title='bbox 1001 5005 1073 5060; x_wconf 87' lang='lat' dir='ltr'>oculi</span> 
     </span>
     <span class='ocr_line' id='line_1_53' title="bbox 286 5098 1077 5176; baseline -0.01 -17"><span class='ocrx_word' id='word_1_378' title='bbox 286 5105 330 5176; x_wconf 93' lang='lat' dir='ltr'>qni</span> <span class='ocrx_word' id='word_1_379' title='bbox 345 5103 486 5158; x_wconf 83' lang='lat' dir='ltr'>bominum</span> <span class='ocrx_word' id='word_1_380' title='bbox 507 5102 669 5170; x_wconf 78' lang='lat' dir='ltr'>quaesierant</span> <span class='ocrx_word' id='word_1_381' title='bbox 681 5108 708 5155; x_wconf 93' lang='lat' dir='ltr'>et</span> <span class='ocrx_word' id='word_1_382' title='bbox 723 5114 775 5154; x_wconf 91' lang='lat' dir='ltr'>non</span> <span class='ocrx_word' id='word_1_383' title='bbox 795 5098 962 5162; x_wconf 84' lang='lat' dir='ltr'>invenerant,</span> <span class='ocrx_word' id='word_1_384' title='bbox 990 5098 1077 5167; x_wconf 78' lang='lat' dir='ltr'>lacry-</span> 
     </span>
     <span class='ocr_line' id='line_1_54' title="bbox 286 5189 1078 5264; baseline -0.005 -14"><span class='ocrx_word' id='word_1_385' title='bbox 286 5192 552 5264; x_wconf 81' lang='lat' dir='ltr'>misjamtaeabant,</span> <span class='ocrx_word' id='word_1_386' title='bbox 567 5190 681 5261; x_wconf 90' lang='lat' dir='ltr'>amplias</span> <span class='ocrx_word' id='word_1_387' title='bbox 700 5191 822 5246; x_wconf 85' lang='lat' dir='ltr'>dolentes</span> <span class='ocrx_word' id='word_1_388' title='bbox 840 5190 911 5259; x_wconf 90' lang='lat' dir='ltr'>quod</span> <span class='ocrx_word' id='word_1_389' title='bbox 933 5192 1020 5245; x_wconf 88' lang='lat' dir='ltr'>tuerat</span> <span class='ocrx_word' id='word_1_390' title='bbox 1043 5189 1078 5246; x_wconf 91' lang='lat' dir='ltr'>de</span> 
     </span>
     <span class='ocr_line' id='line_1_55' title="bbox 288 5280 1079 5353; baseline -0.006 -13"><span class='ocrx_word' id='word_1_391' title='bbox 288 5291 460 5340; x_wconf 89' lang='lat' dir='ltr'>monumento</span> <span class='ocrx_word' id='word_1_392' title='bbox 480 5282 591 5348; x_wconf 85' lang='lat' dir='ltr'>ablatus,</span> <span class='ocrx_word' id='word_1_393' title='bbox 605 5296 685 5353; x_wconf 93' lang='lat' dir='ltr'>quam</span> <span class='ocrx_word' id='word_1_394' title='bbox 697 5281 768 5353; x_wconf 92' lang='lat' dir='ltr'>qaod</span> <span class='ocrx_word' id='word_1_395' title='bbox 779 5281 865 5338; x_wconf 80' lang='lat' dir='ltr'>lauerat</span> <span class='ocrx_word' id='word_1_396' title='bbox 878 5281 905 5337; x_wconf 92' lang='lat' dir='ltr'>in</span> <span class='ocrx_word' id='word_1_397' title='bbox 921 5282 994 5352; x_wconf 90' lang='lat' dir='ltr'>ligno</span> <span class='ocrx_word' id='word_1_398' title='bbox 1007 5280 1079 5335; x_wconf 86' lang='lat' dir='ltr'>occi-</span> 
     </span>
     <span class='ocr_line' id='line_1_56' title="bbox 288 5374 1078 5447; baseline -0.001 -17"><span class='ocrx_word' id='word_1_399' title='bbox 288 5390 350 5441; x_wconf 74' lang='lat' dir='ltr'>sus,</span> <span class='ocrx_word' id='word_1_400' title='bbox 367 5375 490 5446; x_wconf 88' lang='lat' dir='ltr'>quoniam</span> <span class='ocrx_word' id='word_1_401' title='bbox 503 5375 623 5447; x_wconf 76' lang='lat' dir='ltr'>magistri</span> <span class='ocrx_word' id='word_1_402' title='bbox 641 5375 718 5440; x_wconf 90' lang='lat' dir='ltr'>tanti,</span> <span class='ocrx_word' id='word_1_403' title='bbox 731 5375 808 5446; x_wconf 83' lang='lat' dir='ltr'>cujus</span> <span class='ocrx_word' id='word_1_404' title='bbox 828 5375 868 5431; x_wconf 93' lang='lat' dir='ltr'>eis</span> <span class='ocrx_word' id='word_1_405' title='bbox 880 5376 932 5429; x_wconf 89' lang='lat' dir='ltr'>uita</span> <span class='ocrx_word' id='word_1_406' title='bbox 943 5374 1078 5429; x_wconf 83' lang='lat' dir='ltr'>subtracta</span> 
     </span>
    </p>
   </div>
   <div class='ocr_carea' id='block_1_9' title="bbox 289 5504 1081 5754">
    <p class='ocr_par' dir='ltr' id='par_1_11' title="bbox 289 5504 1081 5754">
     <span class='ocr_line' id='line_1_57' title="bbox 321 5504 1080 5579; baseline 0.011 -25"><span class='ocrx_word' id='word_1_407' title='bbox 321 5507 380 5579; x_wconf 63' lang='lat' dir='ltr'>tir.</span> <span class='ocrx_word' id='word_1_408' title='bbox 391 5504 465 5570; x_wconf 79' lang='lat' dir='ltr'>bugd.</span> <span class='ocrx_word' id='word_1_409' title='bbox 479 5514 505 5559; x_wconf 91' lang='lat' dir='ltr'>et</span> <span class='ocrx_word' id='word_1_410' title='bbox 521 5514 592 5567; x_wconf 77' lang='lat' dir='ltr'>ven,</span> <span class='ocrx_word' id='word_1_411' title='bbox 609 5507 652 5559; x_wconf 84' lang='lat' dir='ltr'>aeti</span> <span class='ocrx_word' id='word_1_412' title='bbox 664 5512 779 5574; x_wconf 84' lang='lat' dir='ltr'>tanqrmm</span> <span class='ocrx_word' id='word_1_413' title='bbox 789 5507 820 5561; x_wconf 88' lang='lat' dir='ltr'>de</span> <span class='ocrx_word' id='word_1_414' title='bbox 837 5508 894 5569; x_wconf 84' lang='lat' dir='ltr'>alie,</span> <span class='ocrx_word' id='word_1_415' title='bbox 909 5524 975 5564; x_wconf 87' lang='lat' dir='ltr'>amre</span> <span class='ocrx_word' id='word_1_416' title='bbox 990 5518 1080 5563; x_wconf 81' lang='lat' dir='ltr'>sanctae</span> 
     </span>
     <span class='ocr_line' id='line_1_58' title="bbox 290 5574 1078 5638; baseline 0.01 -20"><span class='ocrx_word' id='word_1_417' title='bbox 290 5574 429 5632; x_wconf 78' lang='lat' dir='ltr'>saraptanae,</span> <span class='ocrx_word' id='word_1_418' title='bbox 441 5576 527 5620; x_wconf 86' lang='lat' dir='ltr'>coacta</span> <span class='ocrx_word' id='word_1_419' title='bbox 545 5576 638 5621; x_wconf 80' lang='lat' dir='ltr'>narrat.</span> <span class='ocrx_word' id='word_1_420' title='bbox 659 5574 745 5631; x_wconf 86' lang='lat' dir='ltr'>rerba,</span> <span class='ocrx_word' id='word_1_421' title='bbox 759 5584 828 5623; x_wconf 90' lang='lat' dir='ltr'>more</span> <span class='ocrx_word' id='word_1_422' title='bbox 839 5580 928 5626; x_wconf 80' lang='lat' dir='ltr'>sertata</span> <span class='ocrx_word' id='word_1_423' title='bbox 939 5576 991 5626; x_wconf 86' lang='lat' dir='ltr'>sert</span> <span class='ocrx_word' id='word_1_424' title='bbox 1008 5582 1078 5638; x_wconf 82' lang='lat' dir='ltr'>tara,</span> 
     </span>
     <span class='ocr_line' id='line_1_59' title="bbox 289 5588 1081 5699; baseline 0.013 -20"><span class='ocrx_word' id='word_1_425' title='bbox 289 5631 318 5680; x_wconf 89' lang='lat' dir='ltr'>ad</span> <span class='ocrx_word' id='word_1_426' title='bbox 331 5634 426 5680; x_wconf 83' lang='lat' dir='ltr'>tentum</span> <span class='ocrx_word' id='word_1_427' title='bbox 443 5644 490 5681; x_wconf 87' lang='grc' dir='ltr'>ιιοιι</span> <span class='ocrx_word' id='word_1_428' title='bbox 500 5634 627 5693; x_wconf 89' lang='lat' dir='ltr'>portinere</span> <span class='ocrx_word' id='word_1_429' title='bbox 638 5633 759 5694; x_wconf 86' lang='lat' dir='ltr'>rideatur,</span> <span class='ocrx_word' id='word_1_430' title='bbox 771 5642 798 5685; x_wconf 89' lang='lat' dir='ltr'>et</span> <span class='ocrx_word' id='word_1_431' title='bbox 813 5636 875 5699; x_wconf 85' lang='lat' dir='ltr'>apud</span> <span class='ocrx_word' id='word_1_432' title='bbox 890 5642 927 5687; x_wconf 82' lang='lat' dir='ltr'>Er.</span> <span class='ocrx_word' id='word_1_433' title='bbox 940 5588 1009 5688; x_wconf 66' lang='lat' dir='ltr'>culli.</span> <span class='ocrx_word' id='word_1_434' title='bbox 1021 5650 1081 5689; x_wconf 88' lang='lat' dir='ltr'>ucc-</span> 
     </span>
     <span class='ocr_line' id='line_1_60' title="bbox 289 5691 812 5754; baseline 0.011 -13"><span class='ocrx_word' id='word_1_435' title='bbox 289 5704 338 5743; x_wconf 87' lang='lat' dir='ltr'>nou</span> <span class='ocrx_word' id='word_1_436' title='bbox 348 5691 412 5754; x_wconf 69' lang='lat' dir='ltr'>atiud</span> <span class='ocrx_word' id='word_1_437' title='bbox 420 5698 485 5753; x_wconf 76' lang='lat' dir='ltr'>tor..</span> <span class='ocrx_word' id='word_1_438' title='bbox 496 5696 565 5746; x_wconf 89' lang='lat' dir='ltr'>uocis</span> <span class='ocrx_word' id='word_1_439' title='bbox 572 5694 754 5747; x_wconf 85' lang='lat' dir='ltr'>concluduntur.</span> <span class='ocrx_word' id='word_1_440' title='bbox 782 5704 812 5747; x_wconf 85' lang='lat' dir='ltr'>tt.</span> 
     </span>
    </p>
   </div>
   <div class='ocr_carea' id='block_1_10' title="bbox 736 258 1433 332">
    <p class='ocr_par' dir='ltr' id='par_1_12' title="bbox 736 258 1433 332">
     <span class='ocr_line' id='line_1_61' title="bbox 736 258 1433 332; baseline -0.023 1"><span class='ocrx_word' id='word_1_441' title='bbox 736 274 770 332; x_wconf 84' lang='lat' dir='ltr'>tlt</span> <span class='ocrx_word' id='word_1_442' title='bbox 788 266 926 332; x_wconf 74' lang='lat' dir='ltr'>totrtets</span> <span class='ocrx_word' id='word_1_443' title='bbox 944 258 1183 329; x_wconf 73' lang='lat' dir='ltr'>Etsstbttbtt,</span> <span class='ocrx_word' id='word_1_444' title='bbox 1201 260 1230 319; x_wconf 83' lang='lat' dir='ltr'>S.</span> <span class='ocrx_word' id='word_1_445' title='bbox 1249 259 1433 322; x_wconf 69' lang='lat' dir='ltr'>adcusanti</span> 
     </span>
    </p>
   </div>
   <div class='ocr_carea' id='block_1_11' title="bbox 1826 257 1897 323">
    <p class='ocr_par' dir='ltr' id='par_1_13' title="bbox 1826 257 1897 323">
     <span class='ocr_line' id='line_1_62' title="bbox 1826 257 1897 323; baseline 0 -1"><span class='ocrx_word' id='word_1_446' title='bbox 1826 257 1897 323; x_wconf 79' lang='lat' dir='ltr'>test</span> 
     </span>
    </p>
   </div>
   <div class='ocr_carea' id='block_1_12' title="bbox 1106 372 1899 815">
    <p class='ocr_par' dir='ltr' id='par_1_14' title="bbox 1106 372 1899 815">
     <span class='ocr_line' id='line_1_63' title="bbox 1106 372 1898 450; baseline 0.003 -18"><span class='ocrx_word' id='word_1_447' title='bbox 1106 377 1202 444; x_wconf 88' lang='lat' dir='ltr'>tuerat,</span> <span class='ocrx_word' id='word_1_448' title='bbox 1218 393 1269 435; x_wconf 87' lang='lat' dir='ltr'>aec</span> <span class='ocrx_word' id='word_1_449' title='bbox 1280 378 1409 435; x_wconf 89' lang='lat' dir='ltr'>memoria</span> <span class='ocrx_word' id='word_1_450' title='bbox 1423 376 1589 434; x_wconf 83' lang='lat' dir='ltr'>remanebat.</span> <span class='ocrx_word' id='word_1_451' title='bbox 1613 372 1734 434; x_wconf 79' lang='lat' dir='ltr'>Tenebat</span> <span class='ocrx_word' id='word_1_452' title='bbox 1754 377 1845 450; x_wconf 84' lang='lat' dir='ltr'>itaque</span> <span class='ocrx_word' id='word_1_453' title='bbox 1865 378 1898 435; x_wconf 84' lang='lat' dir='ltr'>ad</span> 
     </span>
     <span class='ocr_line' id='line_1_64' title="bbox 1107 466 1897 543; baseline 0.005 -20"><span class='ocrx_word' id='word_1_454' title='bbox 1107 477 1308 524; x_wconf 89' lang='lat' dir='ltr'>monumentum</span> <span class='ocrx_word' id='word_1_455' title='bbox 1325 469 1379 539; x_wconf 78' lang='lat' dir='ltr'>jam</span> <span class='ocrx_word' id='word_1_456' title='bbox 1404 468 1482 524; x_wconf 92' lang='lat' dir='ltr'>dolor</span> <span class='ocrx_word' id='word_1_457' title='bbox 1502 468 1554 524; x_wconf 91' lang='lat' dir='ltr'>iste</span> <span class='ocrx_word' id='word_1_458' title='bbox 1579 469 1730 525; x_wconf 88' lang='lat' dir='ltr'>mulierem.</span> <span class='ocrx_word' id='word_1_459' title='bbox 1745 466 1812 525; x_wconf 83' lang='lat' dir='ltr'>Cant</span> <span class='ocrx_word' id='word_1_460' title='bbox 1836 485 1897 543; x_wconf 81' lang='lat' dir='ltr'>erqo</span> 
     </span>
     <span class='ocr_line' id='line_1_65' title="bbox 1107 559 1899 633; baseline 0.001 -19"><span class='ocrx_word' id='word_1_461' title='bbox 1107 559 1189 629; x_wconf 77' lang='lat' dir='ltr'>tieret,</span> <span class='ocrx_word' id='word_1_462' title='bbox 1203 561 1332 614; x_wconf 85' lang='lat' dir='ltr'>inclinarit</span> <span class='ocrx_word' id='word_1_463' title='bbox 1348 576 1376 615; x_wconf 85' lang='lat' dir='ltr'>re</span> <span class='ocrx_word' id='word_1_464' title='bbox 1386 569 1411 615; x_wconf 92' lang='lat' dir='ltr'>et</span> <span class='ocrx_word' id='word_1_465' title='bbox 1424 559 1553 633; x_wconf 73' lang='lat' dir='ltr'>prospexit</span> <span class='ocrx_word' id='word_1_466' title='bbox 1576 562 1604 616; x_wconf 88' lang='lat' dir='ltr'>ia</span> <span class='ocrx_word' id='word_1_467' title='bbox 1623 570 1824 615; x_wconf 77' lang='lat' dir='ltr'>monumentum.</span> <span class='ocrx_word' id='word_1_468' title='bbox 1844 562 1899 616; x_wconf 84' lang='lat' dir='ltr'>Cur</span> 
     </span>
     <span class='ocr_line' id='line_1_66' title="bbox 1109 650 1895 709; baseline 0.006 -5"><span class='ocrx_word' id='word_1_469' title='bbox 1109 650 1160 707; x_wconf 87' lang='lat' dir='ltr'>lroc</span> <span class='ocrx_word' id='word_1_470' title='bbox 1173 653 1264 708; x_wconf 88' lang='lat' dir='ltr'>lecerit</span> <span class='ocrx_word' id='word_1_471' title='bbox 1278 652 1378 709; x_wconf 86' lang='lat' dir='ltr'>nescio.</span> <span class='ocrx_word' id='word_1_472' title='bbox 1399 652 1456 709; x_wconf 84' lang='lat' dir='ltr'>Non</span> <span class='ocrx_word' id='word_1_473' title='bbox 1476 652 1547 708; x_wconf 91' lang='lat' dir='ltr'>enim</span> <span class='ocrx_word' id='word_1_474' title='bbox 1562 652 1698 709; x_wconf 69' lang='lat' dir='ltr'>ttoeciebat</span> <span class='ocrx_word' id='word_1_475' title='bbox 1712 667 1765 708; x_wconf 87' lang='lat' dir='ltr'>nou</span> <span class='ocrx_word' id='word_1_476' title='bbox 1780 653 1817 708; x_wconf 92' lang='lat' dir='ltr'>ibi</span> <span class='ocrx_word' id='word_1_477' title='bbox 1831 668 1895 709; x_wconf 87' lang='lat' dir='ltr'>esse</span> 
     </span>
     <span class='ocr_line' id='line_1_67' title="bbox 1106 742 1898 815; baseline 0.004 -20"><span class='ocrx_word' id='word_1_478' title='bbox 1106 742 1161 812; x_wconf 84' lang='lat' dir='ltr'>jam</span> <span class='ocrx_word' id='word_1_479' title='bbox 1174 758 1252 813; x_wconf 90' lang='lat' dir='ltr'>quern</span> <span class='ocrx_word' id='word_1_480' title='bbox 1272 744 1424 815; x_wconf 59' lang='lat' dir='ltr'>quaerebam</span> <span class='ocrx_word' id='word_1_481' title='bbox 1445 742 1661 814; x_wconf 88' lang='lat' dir='ltr'>quandoquidem</span> <span class='ocrx_word' id='word_1_482' title='bbox 1684 742 1747 800; x_wconf 89' lang='lat' dir='ltr'>inde</span> <span class='ocrx_word' id='word_1_483' title='bbox 1764 742 1898 799; x_wconf 87' lang='lat' dir='ltr'>sublatum</span> 
     </span>
    </p>
   </div>
   <div class='ocr_carea' id='block_1_13' title="bbox 1108 834 1997 905">
    <p class='ocr_par' dir='ltr' id='par_1_15' title="bbox 1108 834 1997 905">
     <span class='ocr_line' id='line_1_68' title="bbox 1108 834 1997 905; baseline -0.002 -15"><span class='ocrx_word' id='word_1_484' title='bbox 1108 843 1137 890; x_wconf 92' lang='lat' dir='ltr'>et</span> <span class='ocrx_word' id='word_1_485' title='bbox 1150 835 1287 905; x_wconf 82' lang='lat' dir='ltr'>discipulis</span> <span class='ocrx_word' id='word_1_486' title='bbox 1305 836 1361 905; x_wconf 88' lang='lat' dir='ltr'>ipsa</span> <span class='ocrx_word' id='word_1_487' title='bbox 1381 836 1565 900; x_wconf 57' lang='lat' dir='ltr'>mundaveram</span> <span class='ocrx_word' id='word_1_488' title='bbox 1578 844 1606 889; x_wconf 91' lang='lat' dir='ltr'>et</span> <span class='ocrx_word' id='word_1_489' title='bbox 1621 834 1658 889; x_wconf 93' lang='lat' dir='ltr'>illi</span> <span class='ocrx_word' id='word_1_490' title='bbox 1676 834 1711 889; x_wconf 92' lang='lat' dir='ltr'>ad</span> <span class='ocrx_word' id='word_1_491' title='bbox 1736 848 1902 889; x_wconf 87' lang='lat' dir='ltr'>monumen·</span> <span class='ocrx_word' id='word_1_492' title='bbox 1993 834 1997 841; x_wconf 90' lang='grc'><strong>’</strong></span> 
     </span>
    </p>
   </div>
   <div class='ocr_carea' id='block_1_14' title="bbox 1110 924 1955 5769">
    <p class='ocr_par' dir='ltr' id='par_1_16' title="bbox 1110 924 1955 3747">
     <span class='ocr_line' id='line_1_69' title="bbox 1111 924 1899 992; baseline -0.004 -10"><span class='ocrx_word' id='word_1_493' title='bbox 1111 935 1165 982; x_wconf 92' lang='lat' dir='ltr'>tum</span> <span class='ocrx_word' id='word_1_494' title='bbox 1175 935 1312 992; x_wconf 81' lang='lat' dir='ltr'>renerent,</span> <span class='ocrx_word' id='word_1_495' title='bbox 1327 936 1354 983; x_wconf 92' lang='lat' dir='ltr'>et</span> <span class='ocrx_word' id='word_1_496' title='bbox 1368 942 1423 982; x_wconf 88' lang='lat' dir='ltr'>nort</span> <span class='ocrx_word' id='word_1_497' title='bbox 1442 927 1529 982; x_wconf 89' lang='lat' dir='ltr'>solnm</span> <span class='ocrx_word' id='word_1_498' title='bbox 1542 926 1680 990; x_wconf 85' lang='lat' dir='ltr'>intuendo,</span> <span class='ocrx_word' id='word_1_499' title='bbox 1695 924 1837 982; x_wconf 87' lang='lat' dir='ltr'>sedetiam</span> <span class='ocrx_word' id='word_1_500' title='bbox 1860 927 1899 981; x_wconf 92' lang='lat' dir='ltr'>in·</span> 
     </span>
     <span class='ocr_line' id='line_1_70' title="bbox 1111 1016 1898 1089; baseline -0.005 -16"><span class='ocrx_word' id='word_1_501' title='bbox 1111 1018 1205 1074; x_wconf 90' lang='lat' dir='ltr'>traado</span> <span class='ocrx_word' id='word_1_502' title='bbox 1228 1031 1325 1088; x_wconf 87' lang='lat' dir='ltr'>eorpus</span> <span class='ocrx_word' id='word_1_503' title='bbox 1345 1018 1451 1073; x_wconf 83' lang='lat' dir='ltr'>Domini</span> <span class='ocrx_word' id='word_1_504' title='bbox 1466 1020 1635 1089; x_wconf 88' lang='lat' dir='ltr'>quaesierant,</span> <span class='ocrx_word' id='word_1_505' title='bbox 1661 1031 1711 1072; x_wconf 87' lang='lat' dir='ltr'>nce</span> <span class='ocrx_word' id='word_1_506' title='bbox 1730 1016 1898 1071; x_wconf 81' lang='lat' dir='ltr'>invenerant.</span> 
     </span>
     <span class='ocr_line' id='line_1_71' title="bbox 1110 1106 1897 1182; baseline -0.006 -17"><span class='ocrx_word' id='word_1_507' title='bbox 1110 1110 1179 1177; x_wconf 82' lang='lat' dir='ltr'>Quid</span> <span class='ocrx_word' id='word_1_508' title='bbox 1198 1111 1248 1166; x_wconf 88' lang='lat' dir='ltr'>sibi</span> <span class='ocrx_word' id='word_1_509' title='bbox 1262 1126 1327 1182; x_wconf 91' lang='lat' dir='ltr'>orgo</span> <span class='ocrx_word' id='word_1_510' title='bbox 1345 1110 1400 1166; x_wconf 90' lang='lat' dir='ltr'>rult</span> <span class='ocrx_word' id='word_1_511' title='bbox 1411 1108 1483 1181; x_wconf 88' lang='lat' dir='ltr'>qnod</span> <span class='ocrx_word' id='word_1_512' title='bbox 1505 1109 1555 1164; x_wconf 91' lang='lat' dir='ltr'>ista</span> <span class='ocrx_word' id='word_1_513' title='bbox 1567 1122 1627 1163; x_wconf 90' lang='lat' dir='ltr'>cum</span> <span class='ocrx_word' id='word_1_514' title='bbox 1642 1106 1729 1174; x_wconf 85' lang='lat' dir='ltr'>deret,</span> <span class='ocrx_word' id='word_1_515' title='bbox 1751 1122 1859 1163; x_wconf 85' lang='lat' dir='ltr'>rursum</span> <span class='ocrx_word' id='word_1_516' title='bbox 1871 1106 1897 1161; x_wconf 92' lang='lat' dir='ltr'>iu</span> 
     </span>
     <span class='ocr_line' id='line_1_72' title="bbox 1111 1196 1902 1272; baseline -0.013 -11"><span class='ocrx_word' id='word_1_517' title='bbox 1111 1214 1314 1261; x_wconf 87' lang='lat' dir='ltr'>monumentum</span> <span class='ocrx_word' id='word_1_518' title='bbox 1337 1202 1462 1258; x_wconf 89' lang='lat' dir='ltr'>inclinata</span> <span class='ocrx_word' id='word_1_519' title='bbox 1485 1200 1638 1272; x_wconf 79' lang='lat' dir='ltr'>prospexitl</span> <span class='ocrx_word' id='word_1_520' title='bbox 1661 1199 1755 1256; x_wconf 88' lang='lat' dir='ltr'>Utrum</span> <span class='ocrx_word' id='word_1_521' title='bbox 1770 1196 1843 1269; x_wconf 87' lang='lat' dir='ltr'>quod</span> <span class='ocrx_word' id='word_1_522' title='bbox 1859 1198 1902 1251; x_wconf 91' lang='lat' dir='ltr'>ni·</span> 
     </span>
     <span class='ocr_line' id='line_1_73' title="bbox 1112 1290 1903 1363; baseline -0.009 -11"><span class='ocrx_word' id='word_1_523' title='bbox 1112 1298 1195 1353; x_wconf 91' lang='lat' dir='ltr'>mium</span> <span class='ocrx_word' id='word_1_524' title='bbox 1204 1296 1320 1363; x_wconf 89' lang='lat' dir='ltr'>dolebat,</span> <span class='ocrx_word' id='word_1_525' title='bbox 1337 1309 1387 1351; x_wconf 88' lang='lat' dir='ltr'>nec</span> <span class='ocrx_word' id='word_1_526' title='bbox 1398 1294 1454 1351; x_wconf 91' lang='lat' dir='ltr'>suis</span> <span class='ocrx_word' id='word_1_527' title='bbox 1468 1310 1519 1351; x_wconf 87' lang='lat' dir='ltr'>aec</span> <span class='ocrx_word' id='word_1_528' title='bbox 1540 1294 1646 1348; x_wconf 89' lang='lat' dir='ltr'>illarum</span> <span class='ocrx_word' id='word_1_529' title='bbox 1660 1292 1746 1348; x_wconf 89' lang='lat' dir='ltr'>oculis</span> <span class='ocrx_word' id='word_1_530' title='bbox 1761 1290 1841 1347; x_wconf 86' lang='lat' dir='ltr'>iacile</span> <span class='ocrx_word' id='word_1_531' title='bbox 1855 1307 1903 1362; x_wconf 90' lang='lat' dir='ltr'>pn-</span> 
     </span>
     <span class='ocr_line' id='line_1_74' title="bbox 1113 1382 1901 1457; baseline -0.008 -15"><span class='ocrx_word' id='word_1_532' title='bbox 1113 1388 1186 1442; x_wconf 90' lang='lat' dir='ltr'>tabat</span> <span class='ocrx_word' id='word_1_533' title='bbox 1199 1401 1260 1442; x_wconf 89' lang='lat' dir='ltr'>esse</span> <span class='ocrx_word' id='word_1_534' title='bbox 1273 1385 1452 1442; x_wconf 76' lang='lat' dir='ltr'>eredendum?</span> <span class='ocrx_word' id='word_1_535' title='bbox 1464 1386 1504 1440; x_wconf 76' lang='lat' dir='ltr'>Aa</span> <span class='ocrx_word' id='word_1_536' title='bbox 1523 1384 1612 1455; x_wconf 90' lang='lat' dir='ltr'>patius</span> <span class='ocrx_word' id='word_1_537' title='bbox 1630 1382 1721 1457; x_wconf 76' lang='lat' dir='ltr'>alirino</span> <span class='ocrx_word' id='word_1_538' title='bbox 1735 1382 1901 1436; x_wconf 90' lang='lat' dir='ltr'>instinctuin</span> 
     </span>
     <span class='ocr_line' id='line_1_75' title="bbox 1112 1472 1905 1548; baseline -0.009 -15"><span class='ocrx_word' id='word_1_539' title='bbox 1112 1478 1283 1548; x_wconf 80' lang='lat' dir='ltr'>animosius</span> <span class='ocrx_word' id='word_1_540' title='bbox 1305 1477 1429 1533; x_wconf 85' lang='lat' dir='ltr'>ellectum</span> <span class='ocrx_word' id='word_1_541' title='bbox 1451 1486 1493 1533; x_wconf 89' lang='lat' dir='ltr'>est</span> <span class='ocrx_word' id='word_1_542' title='bbox 1512 1484 1542 1531; x_wconf 92' lang='lat' dir='ltr'>ut</span> <span class='ocrx_word' id='word_1_543' title='bbox 1564 1473 1747 1545; x_wconf 73' lang='lat' dir='ltr'>prospiceret?</span> <span class='ocrx_word' id='word_1_544' title='bbox 1764 1472 1905 1543; x_wconf 81' lang='lat' dir='ltr'>Prospexit</span> 
     </span>
     <span class='ocr_line' id='line_1_76' title="bbox 1112 1562 1904 1639; baseline -0.011 -14"><span class='ocrx_word' id='word_1_545' title='bbox 1112 1568 1195 1636; x_wconf 84' lang='lat' dir='ltr'>etnim,</span> <span class='ocrx_word' id='word_1_546' title='bbox 1210 1568 1244 1623; x_wconf 82' lang='lat' dir='ltr'>Et</span> <span class='ocrx_word' id='word_1_547' title='bbox 1258 1568 1320 1623; x_wconf 83' lang='lat' dir='ltr'>oittt</span> <span class='ocrx_word' id='word_1_548' title='bbox 1345 1566 1411 1624; x_wconf 83' lang='lat' dir='ltr'>daos</span> <span class='ocrx_word' id='word_1_549' title='bbox 1429 1566 1532 1639; x_wconf 79' lang='lat' dir='ltr'>angeles</span> <span class='ocrx_word' id='word_1_550' title='bbox 1552 1566 1580 1619; x_wconf 90' lang='lat' dir='ltr'>ia</span> <span class='ocrx_word' id='word_1_551' title='bbox 1592 1563 1666 1627; x_wconf 80' lang='lat' dir='ltr'>aidis,</span> <span class='ocrx_word' id='word_1_552' title='bbox 1683 1562 1806 1631; x_wconf 83' lang='lat' dir='ltr'>sedentes,</span> <span class='ocrx_word' id='word_1_553' title='bbox 1824 1573 1904 1617; x_wconf 76' lang='lat' dir='ltr'>artem</span> 
     </span>
     <span class='ocr_line' id='line_1_77' title="bbox 1113 1657 1903 1732; baseline -0.008 -17"><span class='ocrx_word' id='word_1_554' title='bbox 1113 1662 1148 1715; x_wconf 88' lang='lat' dir='ltr'>ad</span> <span class='ocrx_word' id='word_1_555' title='bbox 1160 1669 1245 1731; x_wconf 86' lang='lat' dir='ltr'>eaput,</span> <span class='ocrx_word' id='word_1_556' title='bbox 1262 1669 1286 1715; x_wconf 86' lang='lat' dir='ltr'>et</span> <span class='ocrx_word' id='word_1_557' title='bbox 1297 1678 1376 1715; x_wconf 84' lang='lat' dir='ltr'>earam</span> <span class='ocrx_word' id='word_1_558' title='bbox 1388 1660 1423 1715; x_wconf 86' lang='lat' dir='ltr'>ad</span> <span class='ocrx_word' id='word_1_559' title='bbox 1433 1660 1519 1732; x_wconf 83' lang='lat' dir='ltr'>pedes,</span> <span class='ocrx_word' id='word_1_560' title='bbox 1533 1657 1576 1712; x_wconf 84' lang='lat' dir='ltr'>nbi</span> <span class='ocrx_word' id='word_1_561' title='bbox 1587 1659 1697 1728; x_wconf 81' lang='lat' dir='ltr'>positum</span> <span class='ocrx_word' id='word_1_562' title='bbox 1710 1660 1793 1729; x_wconf 75' lang='lat' dir='ltr'>sumet</span> <span class='ocrx_word' id='word_1_563' title='bbox 1811 1672 1903 1727; x_wconf 80' lang='lat' dir='ltr'>carptas</span> 
     </span>
     <span class='ocr_line' id='line_1_78' title="bbox 1113 1747 1903 1824; baseline -0.009 -15"><span class='ocrx_word' id='word_1_564' title='bbox 1113 1750 1185 1809; x_wconf 73' lang='lat' dir='ltr'>desit.</span> <span class='ocrx_word' id='word_1_565' title='bbox 1198 1753 1264 1823; x_wconf 84' lang='lat' dir='ltr'>Quid</span> <span class='ocrx_word' id='word_1_566' title='bbox 1277 1752 1398 1824; x_wconf 84' lang='lat' dir='ltr'>estquod</span> <span class='ocrx_word' id='word_1_567' title='bbox 1410 1768 1479 1807; x_wconf 90' lang='lat' dir='ltr'>unus</span> <span class='ocrx_word' id='word_1_568' title='bbox 1490 1750 1523 1806; x_wconf 90' lang='lat' dir='ltr'>ad</span> <span class='ocrx_word' id='word_1_569' title='bbox 1535 1761 1625 1821; x_wconf 89' lang='lat' dir='ltr'>caput,</span> <span class='ocrx_word' id='word_1_570' title='bbox 1640 1758 1668 1805; x_wconf 88' lang='lat' dir='ltr'>et</span> <span class='ocrx_word' id='word_1_571' title='bbox 1681 1749 1715 1803; x_wconf 91' lang='lat' dir='ltr'>ad</span> <span class='ocrx_word' id='word_1_572' title='bbox 1730 1747 1814 1818; x_wconf 90' lang='lat' dir='ltr'>pedes</span> <span class='ocrx_word' id='word_1_573' title='bbox 1834 1748 1903 1802; x_wconf 90' lang='lat' dir='ltr'>alter</span> 
     </span>
     <span class='ocr_line' id='line_1_79' title="bbox 1115 1838 1904 1916; baseline -0.014 -14"><span class='ocrx_word' id='word_1_574' title='bbox 1115 1846 1240 1902; x_wconf 78' lang='lat' dir='ltr'>sedebat?</span> <span class='ocrx_word' id='word_1_575' title='bbox 1250 1846 1307 1911; x_wconf 79' lang='lat' dir='ltr'>ln,</span> <span class='ocrx_word' id='word_1_576' title='bbox 1328 1845 1451 1916; x_wconf 92' lang='lat' dir='ltr'>qnoniam</span> <span class='ocrx_word' id='word_1_577' title='bbox 1475 1842 1522 1913; x_wconf 90' lang='lat' dir='ltr'>qui</span> <span class='ocrx_word' id='word_1_578' title='bbox 1546 1856 1634 1913; x_wconf 72' lang='lat' dir='ltr'>graece</span> <span class='ocrx_word' id='word_1_579' title='bbox 1652 1840 1747 1909; x_wconf 77' lang='lat' dir='ltr'>lngeli</span> <span class='ocrx_word' id='word_1_580' title='bbox 1768 1838 1904 1904; x_wconf 89' lang='lat' dir='ltr'>dicuntur,</span> 
     </span>
     <span class='ocr_line' id='line_1_80' title="bbox 1115 1928 1907 2001; baseline -0.013 -10"><span class='ocrx_word' id='word_1_581' title='bbox 1115 1936 1198 1992; x_wconf 81' lang='lat' dir='ltr'>latine</span> <span class='ocrx_word' id='word_1_582' title='bbox 1209 1945 1272 1991; x_wconf 90' lang='lat' dir='ltr'>suut</span> <span class='ocrx_word' id='word_1_583' title='bbox 1285 1935 1379 1999; x_wconf 87' lang='lat' dir='ltr'>nuntii,</span> <span class='ocrx_word' id='word_1_584' title='bbox 1389 1934 1441 1989; x_wconf 90' lang='lat' dir='ltr'>isto</span> <span class='ocrx_word' id='word_1_585' title='bbox 1452 1933 1532 1988; x_wconf 92' lang='lat' dir='ltr'>modo</span> <span class='ocrx_word' id='word_1_586' title='bbox 1542 1931 1638 1987; x_wconf 87' lang='lat' dir='ltr'>Christi</span> <span class='ocrx_word' id='word_1_587' title='bbox 1649 1929 1823 2001; x_wconf 79' lang='lat' dir='ltr'>Evangelium</span> <span class='ocrx_word' id='word_1_588' title='bbox 1834 1928 1907 1983; x_wconf 85' lang='lat' dir='ltr'>relat</span> 
     </span>
     <span class='ocr_line' id='line_1_81' title="bbox 1116 2018 1907 2096; baseline -0.009 -15"><span class='ocrx_word' id='word_1_589' title='bbox 1116 2027 1232 2095; x_wconf 88' lang='lat' dir='ltr'>acapite</span> <span class='ocrx_word' id='word_1_590' title='bbox 1252 2041 1336 2096; x_wconf 90' lang='lat' dir='ltr'>usque</span> <span class='ocrx_word' id='word_1_591' title='bbox 1357 2024 1391 2080; x_wconf 94' lang='lat' dir='ltr'>ad</span> <span class='ocrx_word' id='word_1_592' title='bbox 1406 2022 1497 2095; x_wconf 88' lang='lat' dir='ltr'>pedes,</span> <span class='ocrx_word' id='word_1_593' title='bbox 1519 2024 1554 2078; x_wconf 88' lang='lat' dir='ltr'>ab</span> <span class='ocrx_word' id='word_1_594' title='bbox 1568 2021 1644 2079; x_wconf 88' lang='lat' dir='ltr'>initio</span> <span class='ocrx_word' id='word_1_595' title='bbox 1667 2036 1752 2092; x_wconf 87' lang='lat' dir='ltr'>usque</span> <span class='ocrx_word' id='word_1_596' title='bbox 1775 2020 1803 2075; x_wconf 91' lang='lat' dir='ltr'>in</span> <span class='ocrx_word' id='word_1_597' title='bbox 1826 2018 1907 2074; x_wconf 90' lang='lat' dir='ltr'>duem</span> 
     </span>
     <span class='ocr_line' id='line_1_82' title="bbox 1116 2108 1907 2188; baseline -0.008 -17"><span class='ocrx_word' id='word_1_598' title='bbox 1116 2116 1301 2188; x_wconf 78' lang='lat' dir='ltr'>significabant</span> <span class='ocrx_word' id='word_1_599' title='bbox 1311 2130 1371 2171; x_wconf 87' lang='lat' dir='ltr'>esse</span> <span class='ocrx_word' id='word_1_600' title='bbox 1384 2112 1579 2171; x_wconf 85' lang='lat' dir='ltr'>nuntiandumt</span> <span class='ocrx_word' id='word_1_601' title='bbox 1590 2112 1683 2166; x_wconf 84' lang='lat' dir='ltr'>Dicant</span> <span class='ocrx_word' id='word_1_602' title='bbox 1693 2113 1715 2166; x_wconf 89' lang='lat' dir='ltr'>ei</span> <span class='ocrx_word' id='word_1_603' title='bbox 1727 2110 1767 2165; x_wconf 88' lang='lat' dir='ltr'>illi</span> <span class='ocrx_word' id='word_1_604' title='bbox 1781 2108 1907 2173; x_wconf 76' lang='lat' dir='ltr'>:llulier,</span> 
     </span>
     <span class='ocr_line' id='line_1_83' title="bbox 1117 2202 1908 2281; baseline -0.009 -18"><span class='ocrx_word' id='word_1_605' title='bbox 1117 2209 1179 2281; x_wconf 86' lang='lat' dir='ltr'>quid</span> <span class='ocrx_word' id='word_1_606' title='bbox 1192 2208 1298 2279; x_wconf 83' lang='lat' dir='ltr'>ploras?</span> <span class='ocrx_word' id='word_1_607' title='bbox 1307 2206 1377 2263; x_wconf 82' lang='lat' dir='ltr'>Dicit</span> <span class='ocrx_word' id='word_1_608' title='bbox 1390 2208 1425 2263; x_wconf 82' lang='lat' dir='ltr'>eis</span> <span class='ocrx_word' id='word_1_609' title='bbox 1436 2222 1447 2262; x_wconf 88' lang='lat'>.·</span> <span class='ocrx_word' id='word_1_610' title='bbox 1459 2206 1526 2275; x_wconf 85' lang='lat' dir='ltr'>Quia</span> <span class='ocrx_word' id='word_1_611' title='bbox 1545 2204 1654 2260; x_wconf 71' lang='lat' dir='ltr'>utieortt</span> <span class='ocrx_word' id='word_1_612' title='bbox 1665 2202 1801 2259; x_wconf 83' lang='lat' dir='ltr'>Dominum</span> <span class='ocrx_word' id='word_1_613' title='bbox 1815 2219 1908 2267; x_wconf 77' lang='grc' dir='ltr'>ιιιειιιιι,</span> 
     </span>
     <span class='ocr_line' id='line_1_84' title="bbox 1119 2295 1910 2371; baseline -0.008 -15"><span class='ocrx_word' id='word_1_614' title='bbox 1119 2310 1142 2356; x_wconf 91' lang='lat' dir='ltr'>et</span> <span class='ocrx_word' id='word_1_615' title='bbox 1155 2300 1238 2357; x_wconf 85' lang='lat' dir='ltr'>neseio</span> <span class='ocrx_word' id='word_1_616' title='bbox 1251 2299 1294 2355; x_wconf 84' lang='lat' dir='ltr'>ati</span> <span class='ocrx_word' id='word_1_617' title='bbox 1308 2308 1446 2371; x_wconf 76' lang='lat' dir='ltr'>pomerum</span> <span class='ocrx_word' id='word_1_618' title='bbox 1466 2316 1533 2353; x_wconf 84' lang='lat' dir='ltr'>eom.</span> <span class='ocrx_word' id='word_1_619' title='bbox 1555 2298 1650 2369; x_wconf 79' lang='lat' dir='ltr'>sagati</span> <span class='ocrx_word' id='word_1_620' title='bbox 1672 2297 1804 2369; x_wconf 74' lang='lat' dir='ltr'>lacrymas</span> <span class='ocrx_word' id='word_1_621' title='bbox 1817 2295 1910 2366; x_wconf 90' lang='lat' dir='ltr'>probi·</span> 
     </span>
     <span class='ocr_line' id='line_1_85' title="bbox 1119 2390 1910 2465; baseline -0.008 -14"><span class='ocrx_word' id='word_1_622' title='bbox 1119 2395 1217 2451; x_wconf 89' lang='lat' dir='ltr'>bebant</span> <span class='ocrx_word' id='word_1_623' title='bbox 1231 2393 1293 2449; x_wconf 90' lang='lat' dir='ltr'>:ubi</span> <span class='ocrx_word' id='word_1_624' title='bbox 1306 2392 1369 2464; x_wconf 92' lang='lat' dir='ltr'>quid</span> <span class='ocrx_word' id='word_1_625' title='bbox 1390 2392 1461 2449; x_wconf 91' lang='lat' dir='ltr'>aliud</span> <span class='ocrx_word' id='word_1_626' title='bbox 1475 2407 1556 2465; x_wconf 87' lang='lat' dir='ltr'>quatu</span> <span class='ocrx_word' id='word_1_627' title='bbox 1581 2390 1700 2447; x_wconf 78' lang='lat' dir='ltr'>futurum</span> <span class='ocrx_word' id='word_1_628' title='bbox 1712 2390 1910 2462; x_wconf 85' lang='lat' dir='ltr'>quodammodo</span> 
     </span>
     <span class='ocr_line' id='line_1_86' title="bbox 1119 2480 1910 2557; baseline -0.004 -18"><span class='ocrx_word' id='word_1_629' title='bbox 1119 2485 1244 2557; x_wconf 87' lang='lat' dir='ltr'>gaudium</span> <span class='ocrx_word' id='word_1_630' title='bbox 1258 2484 1435 2540; x_wconf 86' lang='lat' dir='ltr'>nuntialmatl</span> <span class='ocrx_word' id='word_1_631' title='bbox 1447 2484 1484 2540; x_wconf 88' lang='lat' dir='ltr'>lta</span> <span class='ocrx_word' id='word_1_632' title='bbox 1497 2483 1711 2549; x_wconf 82' lang='lat' dir='ltr'>eninrdiaeruat,</span> <span class='ocrx_word' id='word_1_633' title='bbox 1727 2482 1796 2551; x_wconf 80' lang='lat' dir='ltr'>Quid</span> <span class='ocrx_word' id='word_1_634' title='bbox 1804 2480 1910 2554; x_wconf 75' lang='lat' dir='ltr'>ploras?</span> 
     </span>
     <span class='ocr_line' id='line_1_87' title="bbox 1119 2576 1912 2647; baseline -0.003 -16"><span class='ocrx_word' id='word_1_635' title='bbox 1119 2577 1187 2632; x_wconf 90' lang='lat' dir='ltr'>acsi</span> <span class='ocrx_word' id='word_1_636' title='bbox 1207 2576 1336 2642; x_wconf 82' lang='lat' dir='ltr'>dicerent,</span> <span class='ocrx_word' id='word_1_637' title='bbox 1350 2576 1409 2632; x_wconf 88' lang='lat' dir='ltr'>Noli</span> <span class='ocrx_word' id='word_1_638' title='bbox 1425 2577 1541 2647; x_wconf 90' lang='lat' dir='ltr'>plorare.</span> <span class='ocrx_word' id='word_1_639' title='bbox 1557 2576 1592 2632; x_wconf 82' lang='grc' dir='ltr'>Αι</span> <span class='ocrx_word' id='word_1_640' title='bbox 1603 2576 1646 2631; x_wconf 93' lang='lat' dir='ltr'>illa</span> <span class='ocrx_word' id='word_1_641' title='bbox 1660 2590 1708 2633; x_wconf 88' lang='lat' dir='ltr'>eas</span> <span class='ocrx_word' id='word_1_642' title='bbox 1719 2585 1814 2647; x_wconf 88' lang='lat' dir='ltr'>putans</span> <span class='ocrx_word' id='word_1_643' title='bbox 1827 2576 1912 2630; x_wconf 91' lang='lat' dir='ltr'>inter-</span> 
     </span>
     <span class='ocr_line' id='line_1_88' title="bbox 1121 2657 1914 2739; baseline -0.008 -16"><span class='ocrx_word' id='word_1_644' title='bbox 1121 2683 1229 2739; x_wconf 87' lang='lat' dir='ltr'>rogasse</span> <span class='ocrx_word' id='word_1_645' title='bbox 1240 2670 1399 2735; x_wconf 84' lang='lat' dir='ltr'>nescientes,</span> <span class='ocrx_word' id='word_1_646' title='bbox 1417 2657 1512 2723; x_wconf 78' lang='lat' dir='ltr'>causas</span> <span class='ocrx_word' id='word_1_647' title='bbox 1532 2666 1620 2737; x_wconf 91' lang='lat' dir='ltr'>prodit</span> <span class='ocrx_word' id='word_1_648' title='bbox 1633 2667 1821 2739; x_wconf 86' lang='lat' dir='ltr'>lacrymarum.</span> <span class='ocrx_word' id='word_1_649' title='bbox 1847 2666 1914 2731; x_wconf 85' lang='lat' dir='ltr'>Quia</span> 
     </span>
     <span class='ocr_line' id='line_1_89' title="bbox 1121 2757 1911 2830; baseline -0.003 -18"><span class='ocrx_word' id='word_1_650' title='bbox 1121 2760 1243 2827; x_wconf 77' lang='lat' dir='ltr'>tulerant,</span> <span class='ocrx_word' id='word_1_651' title='bbox 1263 2760 1357 2830; x_wconf 89' lang='lat' dir='ltr'>inquit,</span> <span class='ocrx_word' id='word_1_652' title='bbox 1382 2758 1521 2813; x_wconf 84' lang='lat' dir='ltr'>Deatianm</span> <span class='ocrx_word' id='word_1_653' title='bbox 1540 2774 1645 2813; x_wconf 88' lang='lat' dir='ltr'>atettm:</span> <span class='ocrx_word' id='word_1_654' title='bbox 1669 2757 1809 2813; x_wconf 84' lang='lat' dir='ltr'>Dominum</span> <span class='ocrx_word' id='word_1_655' title='bbox 1831 2771 1911 2811; x_wconf 82' lang='lat' dir='ltr'>suum</span> 
     </span>
     <span class='ocr_line' id='line_1_90' title="bbox 1122 2849 1914 2923; baseline -0.003 -18"><span class='ocrx_word' id='word_1_656' title='bbox 1122 2864 1221 2906; x_wconf 89' lang='lat' dir='ltr'>rocans</span> <span class='ocrx_word' id='word_1_657' title='bbox 1234 2865 1331 2923; x_wconf 91' lang='lat' dir='ltr'>corpus</span> <span class='ocrx_word' id='word_1_658' title='bbox 1345 2850 1468 2905; x_wconf 83' lang='lat' dir='ltr'>eratnlme</span> <span class='ocrx_word' id='word_1_659' title='bbox 1490 2849 1598 2905; x_wconf 84' lang='lat' dir='ltr'>llomini</span> <span class='ocrx_word' id='word_1_660' title='bbox 1621 2849 1674 2915; x_wconf 90' lang='lat' dir='ltr'>sui,</span> <span class='ocrx_word' id='word_1_661' title='bbox 1696 2857 1785 2905; x_wconf 89' lang='lat' dir='ltr'>atoto</span> <span class='ocrx_word' id='word_1_662' title='bbox 1810 2858 1914 2919; x_wconf 91' lang='lat' dir='ltr'>partem</span> 
     </span>
     <span class='ocr_line' id='line_1_91' title="bbox 1122 2938 1915 3013; baseline -0.005 -16"><span class='ocrx_word' id='word_1_663' title='bbox 1122 2941 1290 3013; x_wconf 78' lang='lat' dir='ltr'>signiticans3</span> <span class='ocrx_word' id='word_1_664' title='bbox 1305 2941 1372 2996; x_wconf 86' lang='lat' dir='ltr'>sicut</span> <span class='ocrx_word' id='word_1_665' title='bbox 1386 2956 1480 2996; x_wconf 87' lang='lat' dir='ltr'>omncs</span> <span class='ocrx_word' id='word_1_666' title='bbox 1493 2940 1653 2997; x_wconf 87' lang='lat' dir='ltr'>eontitemur</span> <span class='ocrx_word' id='word_1_667' title='bbox 1672 2938 1763 2996; x_wconf 82' lang='lat' dir='ltr'>losum</span> <span class='ocrx_word' id='word_1_668' title='bbox 1778 2939 1915 2994; x_wconf 84' lang='lat' dir='ltr'>Christum</span> 
     </span>
     <span class='ocr_line' id='line_1_92' title="bbox 1123 3028 1917 3101; baseline -0.004 -15"><span class='ocrx_word' id='word_1_669' title='bbox 1123 3032 1220 3086; x_wconf 86' lang='lat' dir='ltr'>Filiam</span> <span class='ocrx_word' id='word_1_670' title='bbox 1234 3032 1279 3086; x_wconf 82' lang='lat' dir='ltr'>liei</span> <span class='ocrx_word' id='word_1_671' title='bbox 1296 3031 1403 3089; x_wconf 85' lang='lat' dir='ltr'>anteum</span> <span class='ocrx_word' id='word_1_672' title='bbox 1420 3031 1564 3088; x_wconf 86' lang='lat' dir='ltr'>Doutinuur</span> <span class='ocrx_word' id='word_1_673' title='bbox 1585 3040 1716 3097; x_wconf 89' lang='lat' dir='ltr'>nostrum,</span> <span class='ocrx_word' id='word_1_674' title='bbox 1739 3028 1810 3101; x_wconf 90' lang='lat' dir='ltr'>quud</span> <span class='ocrx_word' id='word_1_675' title='bbox 1823 3030 1917 3100; x_wconf 90' lang='lat' dir='ltr'>utique</span> 
     </span>
     <span class='ocr_line' id='line_1_93' title="bbox 1124 3124 1917 3193; baseline -0.003 -12"><span class='ocrx_word' id='word_1_676' title='bbox 1124 3124 1202 3181; x_wconf 86' lang='lat' dir='ltr'>sitnul</span> <span class='ocrx_word' id='word_1_677' title='bbox 1215 3134 1257 3181; x_wconf 84' lang='lat' dir='ltr'>est</span> <span class='ocrx_word' id='word_1_678' title='bbox 1266 3134 1294 3180; x_wconf 88' lang='lat' dir='ltr'>et</span> <span class='ocrx_word' id='word_1_679' title='bbox 1307 3125 1422 3181; x_wconf 75' lang='lat' dir='ltr'>Verbum</span> <span class='ocrx_word' id='word_1_680' title='bbox 1436 3126 1563 3181; x_wconf 82' lang='lat' dir='ltr'>stenima</span> <span class='ocrx_word' id='word_1_681' title='bbox 1577 3133 1605 3181; x_wconf 90' lang='lat' dir='ltr'>et</span> <span class='ocrx_word' id='word_1_682' title='bbox 1616 3140 1690 3193; x_wconf 86' lang='lat' dir='ltr'>caro,</span> <span class='ocrx_word' id='word_1_683' title='bbox 1704 3124 1863 3180; x_wconf 82' lang='lat' dir='ltr'>crucifixum</span> <span class='ocrx_word' id='word_1_684' title='bbox 1877 3134 1917 3179; x_wconf 87' lang='lat' dir='ltr'>ta·</span> 
     </span>
     <span class='ocr_line' id='line_1_94' title="bbox 1125 3213 1955 3286; baseline 0 -17"><span class='ocrx_word' id='word_1_685' title='bbox 1125 3230 1186 3270; x_wconf 89' lang='lat' dir='ltr'>men</span> <span class='ocrx_word' id='word_1_686' title='bbox 1198 3226 1225 3270; x_wconf 90' lang='lat' dir='ltr'>et</span> <span class='ocrx_word' id='word_1_687' title='bbox 1236 3218 1385 3285; x_wconf 84' lang='lat' dir='ltr'>sepultum,</span> <span class='ocrx_word' id='word_1_688' title='bbox 1401 3232 1461 3271; x_wconf 91' lang='lat' dir='ltr'>cum</span> <span class='ocrx_word' id='word_1_689' title='bbox 1478 3216 1536 3271; x_wconf 91' lang='lat' dir='ltr'>sola</span> <span class='ocrx_word' id='word_1_690' title='bbox 1549 3215 1610 3286; x_wconf 80' lang='lat' dir='ltr'>ejas</span> <span class='ocrx_word' id='word_1_691' title='bbox 1628 3216 1729 3286; x_wconf 89' lang='lat' dir='ltr'>sepulta</span> <span class='ocrx_word' id='word_1_692' title='bbox 1744 3216 1779 3271; x_wconf 90' lang='lat' dir='ltr'>sit</span> <span class='ocrx_word' id='word_1_693' title='bbox 1791 3231 1867 3271; x_wconf 86' lang='lat' dir='ltr'>earo.</span> <span class='ocrx_word' id='word_1_694' title='bbox 1885 3213 1918 3269; x_wconf 76' lang='lat' dir='ltr'>tta</span> <span class='ocrx_word' id='word_1_695' title='bbox 1944 3260 1955 3275; x_wconf 86' lang='lat'>,</span> 
     </span>
     <span class='ocr_line' id='line_1_95' title="bbox 1124 3306 1919 3377; baseline 0.001 -17"><span class='ocrx_word' id='word_1_696' title='bbox 1124 3307 1218 3372; x_wconf 86' lang='lat' dir='ltr'>nescio,</span> <span class='ocrx_word' id='word_1_697' title='bbox 1231 3306 1325 3377; x_wconf 91' lang='lat' dir='ltr'>inquit,</span> <span class='ocrx_word' id='word_1_698' title='bbox 1340 3307 1382 3361; x_wconf 89' lang='lat' dir='ltr'>adi</span> <span class='ocrx_word' id='word_1_699' title='bbox 1393 3318 1530 3377; x_wconf 81' lang='lat' dir='ltr'>posuerant</span> <span class='ocrx_word' id='word_1_700' title='bbox 1543 3324 1610 3361; x_wconf 88' lang='lat' dir='ltr'>eam.</span> <span class='ocrx_word' id='word_1_701' title='bbox 1625 3307 1687 3361; x_wconf 77' lang='lat' dir='ltr'>llaec</span> <span class='ocrx_word' id='word_1_702' title='bbox 1699 3312 1758 3362; x_wconf 82' lang='lat' dir='ltr'>erat</span> <span class='ocrx_word' id='word_1_703' title='bbox 1769 3320 1852 3362; x_wconf 86' lang='lat' dir='ltr'>causa</span> <span class='ocrx_word' id='word_1_704' title='bbox 1867 3322 1919 3361; x_wconf 88' lang='lat' dir='ltr'>ma·</span> 
     </span>
     <span class='ocr_line' id='line_1_96' title="bbox 1123 3399 1917 3473; baseline -0.003 -18"><span class='ocrx_word' id='word_1_705' title='bbox 1123 3401 1287 3471; x_wconf 86' lang='lat' dir='ltr'>jordoloris,</span> <span class='ocrx_word' id='word_1_706' title='bbox 1302 3401 1363 3473; x_wconf 89' lang='lat' dir='ltr'>quia</span> <span class='ocrx_word' id='word_1_707' title='bbox 1380 3402 1514 3457; x_wconf 80' lang='lat' dir='ltr'>nesciebat</span> <span class='ocrx_word' id='word_1_708' title='bbox 1536 3417 1588 3472; x_wconf 91' lang='lat' dir='ltr'>qua</span> <span class='ocrx_word' id='word_1_709' title='bbox 1603 3401 1654 3455; x_wconf 89' lang='lat' dir='ltr'>iret</span> <span class='ocrx_word' id='word_1_710' title='bbox 1669 3399 1703 3455; x_wconf 90' lang='lat' dir='ltr'>ad</span> <span class='ocrx_word' id='word_1_711' title='bbox 1721 3400 1917 3455; x_wconf 85' lang='lat' dir='ltr'>consolandum</span> 
     </span>
     <span class='ocr_line' id='line_1_97' title="bbox 1125 3490 1920 3561; baseline -0.005 -14"><span class='ocrx_word' id='word_1_712' title='bbox 1125 3492 1256 3547; x_wconf 88' lang='lat' dir='ltr'>dolorem.</span> <span class='ocrx_word' id='word_1_713' title='bbox 1273 3492 1327 3548; x_wconf 87' lang='lat' dir='ltr'>Sed</span> <span class='ocrx_word' id='word_1_714' title='bbox 1346 3492 1413 3547; x_wconf 90' lang='lat' dir='ltr'>hora</span> <span class='ocrx_word' id='word_1_715' title='bbox 1423 3492 1479 3561; x_wconf 81' lang='lat' dir='ltr'>janu</span> <span class='ocrx_word' id='word_1_716' title='bbox 1494 3500 1601 3547; x_wconf 82' lang='lat' dir='ltr'>uenerat</span> <span class='ocrx_word' id='word_1_717' title='bbox 1617 3507 1668 3561; x_wconf 91' lang='lat' dir='ltr'>qua</span> <span class='ocrx_word' id='word_1_718' title='bbox 1683 3490 1709 3545; x_wconf 93' lang='lat' dir='ltr'>id</span> <span class='ocrx_word' id='word_1_719' title='bbox 1721 3490 1792 3561; x_wconf 92' lang='lat' dir='ltr'>quod</span> <span class='ocrx_word' id='word_1_720' title='bbox 1809 3490 1920 3545; x_wconf 87' lang='lat' dir='ltr'>truntia·</span> 
     </span>
     <span class='ocr_line' id='line_1_98' title="bbox 1127 3580 1918 3656; baseline -0.006 -16"><span class='ocrx_word' id='word_1_721' title='bbox 1127 3592 1182 3642; x_wconf 90' lang='lat' dir='ltr'>tum</span> <span class='ocrx_word' id='word_1_722' title='bbox 1194 3584 1390 3656; x_wconf 91' lang='lat' dir='ltr'>quodammodo</span> <span class='ocrx_word' id='word_1_723' title='bbox 1405 3584 1491 3639; x_wconf 71' lang='lat' dir='ltr'>tuerat</span> <span class='ocrx_word' id='word_1_724' title='bbox 1504 3585 1538 3638; x_wconf 91' lang='lat' dir='ltr'>ab</span> <span class='ocrx_word' id='word_1_725' title='bbox 1555 3582 1657 3653; x_wconf 84' lang='lat' dir='ltr'>angelis</span> <span class='ocrx_word' id='word_1_726' title='bbox 1670 3580 1735 3638; x_wconf 85' lang='lat' dir='ltr'>llere</span> <span class='ocrx_word' id='word_1_727' title='bbox 1750 3581 1918 3652; x_wconf 87' lang='lat' dir='ltr'>prohibenti·</span> 
     </span>
     <span class='ocr_line' id='line_1_99' title="bbox 1126 3664 1821 3747; baseline -0.009 -14"><span class='ocrx_word' id='word_1_728' title='bbox 1126 3676 1185 3743; x_wconf 89' lang='lat' dir='ltr'>bus,</span> <span class='ocrx_word' id='word_1_729' title='bbox 1200 3676 1326 3747; x_wconf 90' lang='lat' dir='ltr'>gaudium</span> <span class='ocrx_word' id='word_1_730' title='bbox 1339 3676 1494 3732; x_wconf 85' lang='lat' dir='ltr'>strccederet</span> <span class='ocrx_word' id='word_1_731' title='bbox 1508 3674 1624 3731; x_wconf 90' lang='lat' dir='ltr'>lletibus.</span> <span class='ocrx_word' id='word_1_732' title='bbox 1817 3664 1821 3668; x_wconf 65' lang='grc'><strong>’</strong></span> 
     </span>
    </p>

    <p class='ocr_par' dir='ltr' id='par_1_17' title="bbox 1127 3766 1940 5769">
     <span class='ocr_line' id='line_1_100' title="bbox 1162 3766 1919 3839; baseline -0.003 -18"><span class='ocrx_word' id='word_1_733' title='bbox 1162 3766 1189 3821; x_wconf 77' lang='lat'>2.</span> <span class='ocrx_word' id='word_1_734' title='bbox 1203 3768 1321 3839; x_wconf 86' lang='lat' dir='ltr'>Denique</span> <span class='ocrx_word' id='word_1_735' title='bbox 1336 3767 1423 3837; x_wconf 13' lang='lat' dir='ltr'>optimc</span> <span class='ocrx_word' id='word_1_736' title='bbox 1442 3782 1502 3822; x_wconf 90' lang='lat' dir='ltr'>cum</span> <span class='ocrx_word' id='word_1_737' title='bbox 1521 3766 1643 3832; x_wconf 79' lang='lat' dir='ltr'>dixisset,</span> <span class='ocrx_word' id='word_1_738' title='bbox 1665 3779 1793 3821; x_wconf 74' lang='lat' dir='ltr'>conversa</span> <span class='ocrx_word' id='word_1_739' title='bbox 1807 3773 1855 3823; x_wconf 74' lang='lat' dir='ltr'>eet</span> <span class='ocrx_word' id='word_1_740' title='bbox 1875 3780 1919 3820; x_wconf 91' lang='lat' dir='ltr'>re-</span> 
     </span>
     <span class='ocr_line' id='line_1_101' title="bbox 1127 3856 1923 3929; baseline -0.004 -15"><span class='ocrx_word' id='word_1_741' title='bbox 1127 3867 1254 3927; x_wconf 90' lang='lat' dir='ltr'>trorsum,</span> <span class='ocrx_word' id='word_1_742' title='bbox 1267 3868 1293 3914; x_wconf 92' lang='lat' dir='ltr'>et</span> <span class='ocrx_word' id='word_1_743' title='bbox 1305 3858 1370 3914; x_wconf 81' lang='lat' dir='ltr'>ritlit</span> <span class='ocrx_word' id='word_1_744' title='bbox 1380 3858 1470 3914; x_wconf 81' lang='lat' dir='ltr'>iesum</span> <span class='ocrx_word' id='word_1_745' title='bbox 1485 3865 1610 3923; x_wconf 83' lang='lat' dir='ltr'>stantona,</span> <span class='ocrx_word' id='word_1_746' title='bbox 1629 3868 1655 3912; x_wconf 91' lang='lat' dir='ltr'>ct</span> <span class='ocrx_word' id='word_1_747' title='bbox 1668 3872 1721 3912; x_wconf 88' lang='lat' dir='ltr'>noa</span> <span class='ocrx_word' id='word_1_748' title='bbox 1741 3857 1848 3913; x_wconf 90' lang='lat' dir='ltr'>sciebat</span> <span class='ocrx_word' id='word_1_749' title='bbox 1861 3856 1923 3929; x_wconf 86' lang='lat' dir='ltr'>quia</span> 
     </span>
     <span class='ocr_line' id='line_1_102' title="bbox 1127 3946 1924 4019; baseline -0.01 -10"><span class='ocrx_word' id='word_1_750' title='bbox 1127 3951 1265 4009; x_wconf 78' lang='lat' dir='ltr'>iesusest.</span> <span class='ocrx_word' id='word_1_751' title='bbox 1283 3950 1351 4005; x_wconf 85' lang='lat' dir='ltr'>llicit</span> <span class='ocrx_word' id='word_1_752' title='bbox 1362 3951 1385 4005; x_wconf 89' lang='lat' dir='ltr'>ei</span> <span class='ocrx_word' id='word_1_753' title='bbox 1396 3949 1474 4005; x_wconf 88' lang='lat' dir='ltr'>lesus</span> <span class='ocrx_word' id='word_1_754' title='bbox 1488 3968 1496 4005; x_wconf 75' lang='grc' dir='ltr'>ι</span> <span class='ocrx_word' id='word_1_755' title='bbox 1512 3948 1615 4016; x_wconf 89' lang='lat' dir='ltr'>llulier,</span> <span class='ocrx_word' id='word_1_756' title='bbox 1632 3948 1696 4019; x_wconf 91' lang='lat' dir='ltr'>quid</span> <span class='ocrx_word' id='word_1_757' title='bbox 1709 3947 1817 4017; x_wconf 82' lang='lat' dir='ltr'>ploras?</span> <span class='ocrx_word' id='word_1_758' title='bbox 1835 3946 1924 4019; x_wconf 82' lang='lat' dir='ltr'>Qnmru</span> 
     </span>
     <span class='ocr_line' id='line_1_103' title="bbox 1128 4037 1925 4114; baseline -0.004 -17"><span class='ocrx_word' id='word_1_759' title='bbox 1128 4041 1302 4114; x_wconf 80' lang='lat' dir='ltr'>quaerisillla</span> <span class='ocrx_word' id='word_1_760' title='bbox 1315 4041 1469 4097; x_wconf 84' lang='lat' dir='ltr'>existimans</span> <span class='ocrx_word' id='word_1_761' title='bbox 1488 4040 1549 4111; x_wconf 90' lang='lat' dir='ltr'>quia</span> <span class='ocrx_word' id='word_1_762' title='bbox 1569 4037 1726 4095; x_wconf 84' lang='lat' dir='ltr'>hortulanus</span> <span class='ocrx_word' id='word_1_763' title='bbox 1746 4048 1837 4108; x_wconf 86' lang='lat' dir='ltr'>esset,</span> <span class='ocrx_word' id='word_1_764' title='bbox 1858 4039 1925 4096; x_wconf 88' lang='lat' dir='ltr'>dicit</span> 
     </span>
     <span class='ocr_line' id='line_1_104' title="bbox 1129 4130 1923 4201; baseline -0.004 -12"><span class='ocrx_word' id='word_1_765' title='bbox 1129 4134 1154 4189; x_wconf 90' lang='lat' dir='ltr'>oi</span> <span class='ocrx_word' id='word_1_766' title='bbox 1168 4152 1175 4189; x_wconf 74' lang='grc' dir='ltr'><strong><em>ε</em></strong></span> <span class='ocrx_word' id='word_1_767' title='bbox 1190 4134 1312 4200; x_wconf 79' lang='lat' dir='ltr'>bonintne,</span> <span class='ocrx_word' id='word_1_768' title='bbox 1329 4133 1352 4188; x_wconf 90' lang='lat' dir='ltr'>si</span> <span class='ocrx_word' id='word_1_769' title='bbox 1368 4142 1395 4187; x_wconf 93' lang='lat' dir='ltr'>tu</span> <span class='ocrx_word' id='word_1_770' title='bbox 1407 4132 1537 4188; x_wconf 83' lang='lat' dir='ltr'>sustulisti</span> <span class='ocrx_word' id='word_1_771' title='bbox 1550 4146 1622 4197; x_wconf 86' lang='lat' dir='ltr'>eum,</span> <span class='ocrx_word' id='word_1_772' title='bbox 1634 4131 1716 4187; x_wconf 86' lang='lat' dir='ltr'>dicito</span> <span class='ocrx_word' id='word_1_773' title='bbox 1731 4130 1796 4186; x_wconf 90' lang='lat' dir='ltr'>mibi</span> <span class='ocrx_word' id='word_1_774' title='bbox 1807 4131 1859 4187; x_wconf 92' lang='lat' dir='ltr'>ubi</span> <span class='ocrx_word' id='word_1_775' title='bbox 1873 4145 1923 4201; x_wconf 92' lang='lat' dir='ltr'>pa-</span> 
     </span>
     <span class='ocr_line' id='line_1_105' title="bbox 1129 4223 1926 4295; baseline -0.001 -16"><span class='ocrx_word' id='word_1_776' title='bbox 1129 4225 1205 4279; x_wconf 89' lang='lat' dir='ltr'>suisti</span> <span class='ocrx_word' id='word_1_777' title='bbox 1218 4240 1290 4292; x_wconf 87' lang='lat' dir='ltr'>euna,</span> <span class='ocrx_word' id='word_1_778' title='bbox 1304 4233 1332 4279; x_wconf 89' lang='lat' dir='ltr'>et</span> <span class='ocrx_word' id='word_1_779' title='bbox 1344 4238 1394 4295; x_wconf 86' lang='lat' dir='ltr'>ego</span> <span class='ocrx_word' id='word_1_780' title='bbox 1403 4239 1464 4279; x_wconf 90' lang='lat' dir='ltr'>eum</span> <span class='ocrx_word' id='word_1_781' title='bbox 1477 4224 1577 4279; x_wconf 87' lang='lat' dir='ltr'>tollam.</span> <span class='ocrx_word' id='word_1_782' title='bbox 1591 4224 1662 4280; x_wconf 87' lang='lat' dir='ltr'>bictt</span> <span class='ocrx_word' id='word_1_783' title='bbox 1673 4223 1698 4279; x_wconf 88' lang='lat' dir='ltr'>ei</span> <span class='ocrx_word' id='word_1_784' title='bbox 1713 4223 1791 4279; x_wconf 81' lang='lat' dir='ltr'>lasus</span> <span class='ocrx_word' id='word_1_785' title='bbox 1806 4241 1814 4279; x_wconf 83' lang='lat' dir='ltr'>t</span> <span class='ocrx_word' id='word_1_786' title='bbox 1830 4224 1926 4279; x_wconf 85' lang='lat' dir='ltr'>blaria.</span> 
     </span>
     <span class='ocr_line' id='line_1_106' title="bbox 1128 4314 1929 4387; baseline -0.002 -16"><span class='ocrx_word' id='word_1_787' title='bbox 1128 4316 1264 4372; x_wconf 80' lang='lat' dir='ltr'>Conversa</span> <span class='ocrx_word' id='word_1_788' title='bbox 1277 4316 1321 4371; x_wconf 90' lang='lat' dir='ltr'>illa</span> <span class='ocrx_word' id='word_1_789' title='bbox 1333 4315 1398 4371; x_wconf 91' lang='lat' dir='ltr'>dicit</span> <span class='ocrx_word' id='word_1_790' title='bbox 1411 4317 1446 4383; x_wconf 89' lang='lat' dir='ltr'>ei,</span> <span class='ocrx_word' id='word_1_791' title='bbox 1467 4316 1603 4381; x_wconf 83' lang='lat' dir='ltr'>llabboni;</span> <span class='ocrx_word' id='word_1_792' title='bbox 1625 4315 1696 4387; x_wconf 90' lang='lat' dir='ltr'>quod</span> <span class='ocrx_word' id='word_1_793' title='bbox 1719 4314 1819 4371; x_wconf 85' lang='lat' dir='ltr'>dieitur</span> <span class='ocrx_word' id='word_1_794' title='bbox 1841 4315 1929 4387; x_wconf 87' lang='lat' dir='ltr'>blagi-</span> 
     </span>
     <span class='ocr_line' id='line_1_107' title="bbox 1129 4406 1927 4480; baseline -0.008 -13"><span class='ocrx_word' id='word_1_795' title='bbox 1129 4418 1193 4467; x_wconf 91' lang='lat' dir='ltr'>ster.</span> <span class='ocrx_word' id='word_1_796' title='bbox 1212 4429 1222 4464; x_wconf 88' lang='grc' dir='ltr'>ι</span> <span class='ocrx_word' id='word_1_797' title='bbox 1238 4409 1322 4465; x_wconf 86' lang='lat' dir='ltr'>Nemo</span> <span class='ocrx_word' id='word_1_798' title='bbox 1341 4409 1519 4465; x_wconf 80' lang='lat' dir='ltr'>calumnietur</span> <span class='ocrx_word' id='word_1_799' title='bbox 1539 4408 1641 4465; x_wconf 91' lang='lat' dir='ltr'>mulieri</span> <span class='ocrx_word' id='word_1_800' title='bbox 1664 4407 1736 4480; x_wconf 92' lang='lat' dir='ltr'>quod</span> <span class='ocrx_word' id='word_1_801' title='bbox 1751 4406 1927 4462; x_wconf 82' lang='lat' dir='ltr'>hortulanum</span> 
     </span>
     <span class='ocr_line' id='line_1_108' title="bbox 1128 4497 1928 4571; baseline -0.008 -13"><span class='ocrx_word' id='word_1_802' title='bbox 1128 4502 1226 4558; x_wconf 89' lang='lat' dir='ltr'>dixerit</span> <span class='ocrx_word' id='word_1_803' title='bbox 1238 4500 1385 4568; x_wconf 92' lang='lat' dir='ltr'>dominum,</span> <span class='ocrx_word' id='word_1_804' title='bbox 1401 4508 1427 4556; x_wconf 90' lang='lat' dir='ltr'>et</span> <span class='ocrx_word' id='word_1_805' title='bbox 1440 4499 1532 4556; x_wconf 79' lang='lat' dir='ltr'>lesum</span> <span class='ocrx_word' id='word_1_806' title='bbox 1550 4498 1715 4571; x_wconf 83' lang='lat' dir='ltr'>blagistrura.</span> <span class='ocrx_word' id='word_1_807' title='bbox 1730 4497 1768 4553; x_wconf 94' lang='lat' dir='ltr'>lbi</span> <span class='ocrx_word' id='word_1_808' title='bbox 1788 4497 1866 4555; x_wconf 90' lang='lat' dir='ltr'>enim</span> <span class='ocrx_word' id='word_1_809' title='bbox 1880 4512 1928 4553; x_wconf 88' lang='lat' dir='ltr'>ro·</span> 
     </span>
     <span class='ocr_line' id='line_1_109' title="bbox 1129 4588 1928 4665; baseline -0.005 -18"><span class='ocrx_word' id='word_1_810' title='bbox 1129 4594 1217 4665; x_wconf 84' lang='lat' dir='ltr'>gabat,</span> <span class='ocrx_word' id='word_1_811' title='bbox 1232 4590 1276 4647; x_wconf 89' lang='lat' dir='ltr'>bic</span> <span class='ocrx_word' id='word_1_812' title='bbox 1288 4591 1467 4661; x_wconf 86' lang='lat' dir='ltr'>agnoscebat:</span> <span class='ocrx_word' id='word_1_813' title='bbox 1479 4591 1514 4646; x_wconf 82' lang='grc' dir='ltr'>11ιί</span> <span class='ocrx_word' id='word_1_814' title='bbox 1529 4590 1678 4647; x_wconf 79' lang='lat' dir='ltr'>bonombat</span> <span class='ocrx_word' id='word_1_815' title='bbox 1689 4588 1830 4647; x_wconf 85' lang='lat' dir='ltr'>bominem</span> <span class='ocrx_word' id='word_1_816' title='bbox 1846 4603 1928 4660; x_wconf 88' lang='lat' dir='ltr'>aquo</span> 
     </span>
     <span class='ocr_line' id='line_1_110' title="bbox 1129 4680 1928 4752; baseline -0.003 -15"><span class='ocrx_word' id='word_1_817' title='bbox 1129 4680 1288 4737; x_wconf 59' lang='lat' dir='ltr'>maleficium</span> <span class='ocrx_word' id='word_1_818' title='bbox 1303 4681 1454 4751; x_wconf 88' lang='lat' dir='ltr'>postulabat</span> <span class='ocrx_word' id='word_1_819' title='bbox 1464 4698 1472 4749; x_wconf 87' lang='grc'>;</span> <span class='ocrx_word' id='word_1_820' title='bbox 1484 4682 1528 4737; x_wconf 89' lang='lat' dir='ltr'>bie</span> <span class='ocrx_word' id='word_1_821' title='bbox 1542 4682 1675 4737; x_wconf 86' lang='lat' dir='ltr'>recolebat</span> <span class='ocrx_word' id='word_1_822' title='bbox 1688 4682 1830 4737; x_wconf 84' lang='lat' dir='ltr'>doctorem</span> <span class='ocrx_word' id='word_1_823' title='bbox 1845 4697 1928 4752; x_wconf 87' lang='lat' dir='ltr'>aquo</span> 
     </span>
     <span class='ocr_line' id='line_1_111' title="bbox 1129 4772 1930 4845; baseline 0 -16"><span class='ocrx_word' id='word_1_824' title='bbox 1129 4772 1283 4830; x_wconf 87' lang='lat' dir='ltr'>discernere</span> <span class='ocrx_word' id='word_1_825' title='bbox 1291 4772 1408 4831; x_wconf 87' lang='lat' dir='ltr'>bumana</span> <span class='ocrx_word' id='word_1_826' title='bbox 1419 4780 1448 4831; x_wconf 90' lang='lat' dir='ltr'>et</span> <span class='ocrx_word' id='word_1_827' title='bbox 1459 4773 1549 4829; x_wconf 77' lang='lat' dir='ltr'>dirius</span> <span class='ocrx_word' id='word_1_828' title='bbox 1558 4772 1688 4829; x_wconf 81' lang='lat' dir='ltr'>discebat.</span> <span class='ocrx_word' id='word_1_829' title='bbox 1704 4774 1871 4845; x_wconf 68' lang='lat' dir='ltr'>appellabat</span> <span class='ocrx_word' id='word_1_830' title='bbox 1881 4774 1930 4829; x_wconf 91' lang='lat' dir='ltr'>do-</span> 
     </span>
     <span class='ocr_line' id='line_1_112' title="bbox 1129 4864 1930 4937; baseline 0 -18"><span class='ocrx_word' id='word_1_831' title='bbox 1129 4864 1231 4920; x_wconf 89' lang='lat' dir='ltr'>minura</span> <span class='ocrx_word' id='word_1_832' title='bbox 1245 4866 1320 4935; x_wconf 87' lang='lat' dir='ltr'>cujus</span> <span class='ocrx_word' id='word_1_833' title='bbox 1341 4864 1511 4921; x_wconf 81' lang='lat' dir='ltr'>ancillanda</span> <span class='ocrx_word' id='word_1_834' title='bbox 1537 4872 1606 4931; x_wconf 89' lang='lat' dir='ltr'>erat,</span> <span class='ocrx_word' id='word_1_835' title='bbox 1631 4872 1661 4918; x_wconf 89' lang='grc' dir='ltr'>ιιι</span> <span class='ocrx_word' id='word_1_836' title='bbox 1676 4878 1725 4934; x_wconf 91' lang='lat' dir='ltr'>per</span> <span class='ocrx_word' id='word_1_837' title='bbox 1737 4878 1801 4920; x_wconf 86' lang='lat' dir='ltr'>eum</span> <span class='ocrx_word' id='word_1_838' title='bbox 1827 4880 1930 4937; x_wconf 83' lang='lat' dir='ltr'>perre-</span> 
     </span>
     <span class='ocr_line' id='line_1_113' title="bbox 1130 4953 1932 5025; baseline -0.001 -17"><span class='ocrx_word' id='word_1_839' title='bbox 1130 4954 1200 5009; x_wconf 88' lang='lat' dir='ltr'>niret</span> <span class='ocrx_word' id='word_1_840' title='bbox 1224 4954 1256 5010; x_wconf 91' lang='lat' dir='ltr'>ad</span> <span class='ocrx_word' id='word_1_841' title='bbox 1273 4954 1413 5010; x_wconf 84' lang='lat' dir='ltr'>Dominum</span> <span class='ocrx_word' id='word_1_842' title='bbox 1430 4954 1507 5025; x_wconf 83' lang='lat' dir='ltr'>eujrrs</span> <span class='ocrx_word' id='word_1_843' title='bbox 1521 4960 1589 5009; x_wconf 86' lang='lat' dir='ltr'>erat.</span> <span class='ocrx_word' id='word_1_844' title='bbox 1600 4953 1686 5009; x_wconf 79' lang='lat' dir='ltr'>Aliter</span> <span class='ocrx_word' id='word_1_845' title='bbox 1698 4967 1763 5025; x_wconf 89' lang='lat' dir='ltr'>crgo</span> <span class='ocrx_word' id='word_1_846' title='bbox 1776 4954 1932 5010; x_wconf 84' lang='lat' dir='ltr'>Dominum</span> 
     </span>
     <span class='ocr_line' id='line_1_114' title="bbox 1129 5042 1928 5112; baseline 0 -11"><span class='ocrx_word' id='word_1_847' title='bbox 1129 5044 1215 5112; x_wconf 83' lang='lat' dir='ltr'>dixit,</span> <span class='ocrx_word' id='word_1_848' title='bbox 1240 5042 1403 5101; x_wconf 85' lang='lat' dir='ltr'>Sastalerttnt</span> <span class='ocrx_word' id='word_1_849' title='bbox 1425 5044 1561 5100; x_wconf 83' lang='lat' dir='ltr'>Dominam</span> <span class='ocrx_word' id='word_1_850' title='bbox 1587 5060 1687 5110; x_wconf 66' lang='lat' dir='ltr'>ramat:</span> <span class='ocrx_word' id='word_1_851' title='bbox 1709 5046 1786 5099; x_wconf 87' lang='lat' dir='ltr'>aliter</span> <span class='ocrx_word' id='word_1_852' title='bbox 1807 5054 1928 5110; x_wconf 76' lang='lat' dir='ltr'>autent,</span> 
     </span>
     <span class='ocr_line' id='line_1_115' title="bbox 1130 5125 1934 5207; baseline -0.001 -16"><span class='ocrx_word' id='word_1_853' title='bbox 1130 5134 1248 5203; x_wconf 81' lang='lat' dir='ltr'>Dareine,</span> <span class='ocrx_word' id='word_1_854' title='bbox 1263 5137 1286 5192; x_wconf 87' lang='lat' dir='ltr'>si</span> <span class='ocrx_word' id='word_1_855' title='bbox 1304 5148 1331 5191; x_wconf 89' lang='lat' dir='ltr'>ta</span> <span class='ocrx_word' id='word_1_856' title='bbox 1355 5137 1478 5192; x_wconf 85' lang='lat' dir='ltr'>srtatnlisti</span> <span class='ocrx_word' id='word_1_857' title='bbox 1498 5152 1564 5192; x_wconf 86' lang='lat' dir='ltr'>eum.</span> <span class='ocrx_word' id='word_1_858' title='bbox 1589 5135 1656 5191; x_wconf 87' lang='lat' dir='ltr'>Nam</span> <span class='ocrx_word' id='word_1_859' title='bbox 1670 5144 1698 5192; x_wconf 92' lang='lat' dir='ltr'>ct</span> <span class='ocrx_word' id='word_1_860' title='bbox 1716 5134 1868 5206; x_wconf 69' lang='lat' dir='ltr'>Prophetae</span> <span class='ocrx_word' id='word_1_861' title='bbox 1882 5125 1934 5207; x_wconf 64' lang='lat' dir='ltr'>ap·&#39;</span> 
     </span>
     <span class='ocr_line' id='line_1_116' title="bbox 1130 5228 1932 5302; baseline 0 -17"><span class='ocrx_word' id='word_1_862' title='bbox 1130 5232 1295 5302; x_wconf 85' lang='lat' dir='ltr'>pellarertmt</span> <span class='ocrx_word' id='word_1_863' title='bbox 1318 5229 1442 5286; x_wconf 90' lang='lat' dir='ltr'>dominos</span> <span class='ocrx_word' id='word_1_864' title='bbox 1467 5244 1514 5285; x_wconf 89' lang='lat' dir='ltr'>eos</span> <span class='ocrx_word' id='word_1_865' title='bbox 1539 5230 1584 5300; x_wconf 92' lang='lat' dir='ltr'>qni</span> <span class='ocrx_word' id='word_1_866' title='bbox 1608 5229 1729 5283; x_wconf 81' lang='lat' dir='ltr'>ltomiues</span> <span class='ocrx_word' id='word_1_867' title='bbox 1750 5239 1855 5293; x_wconf 87' lang='lat' dir='ltr'>erant;</span> <span class='ocrx_word' id='word_1_868' title='bbox 1880 5228 1932 5285; x_wconf 87' lang='lat' dir='ltr'>sed</span> 
     </span>
     <span class='ocr_line' id='line_1_117' title="bbox 1130 5318 1936 5393; baseline -0.002 -14"><span class='ocrx_word' id='word_1_869' title='bbox 1130 5325 1208 5380; x_wconf 90' lang='lat' dir='ltr'>aliter</span> <span class='ocrx_word' id='word_1_870' title='bbox 1222 5322 1295 5379; x_wconf 91' lang='lat' dir='ltr'>illum</span> <span class='ocrx_word' id='word_1_871' title='bbox 1310 5321 1344 5377; x_wconf 92' lang='lat' dir='ltr'>de</span> <span class='ocrx_word' id='word_1_872' title='bbox 1358 5336 1410 5393; x_wconf 94' lang='lat' dir='ltr'>quo</span> <span class='ocrx_word' id='word_1_873' title='bbox 1430 5322 1557 5391; x_wconf 88' lang='lat' dir='ltr'>seriptum</span> <span class='ocrx_word' id='word_1_874' title='bbox 1576 5327 1634 5388; x_wconf 85' lang='lat' dir='ltr'>cst,</span> <span class='ocrx_word' id='word_1_875' title='bbox 1649 5318 1772 5374; x_wconf 74' lang='lat' dir='ltr'>dominas</span> <span class='ocrx_word' id='word_1_876' title='bbox 1786 5336 1889 5376; x_wconf 74' lang='lat' dir='ltr'>norma</span> <span class='ocrx_word' id='word_1_877' title='bbox 1912 5321 1936 5377; x_wconf 82' lang='lat' dir='ltr'>ei</span> 
     </span>
     <span class='ocr_line' id='line_1_118' title="bbox 1132 5408 1938 5489; baseline 0 -20"><span class='ocrx_word' id='word_1_878' title='bbox 1132 5415 1218 5489; x_wconf 83' lang='lat' dir='ltr'>(Pani.</span> <span class='ocrx_word' id='word_1_879' title='bbox 1233 5430 1315 5478; x_wconf 79' lang='lat' dir='ltr'>extu,</span> <span class='ocrx_word' id='word_1_880' title='bbox 1330 5414 1370 5485; x_wconf 81' lang='lat'>5).</span> <span class='ocrx_word' id='word_1_881' title='bbox 1381 5412 1434 5469; x_wconf 89' lang='lat' dir='ltr'>Sed</span> <span class='ocrx_word' id='word_1_882' title='bbox 1448 5413 1496 5467; x_wconf 92' lang='lat' dir='ltr'>ista</span> <span class='ocrx_word' id='word_1_883' title='bbox 1512 5412 1608 5467; x_wconf 89' lang='lat' dir='ltr'>malier</span> <span class='ocrx_word' id='word_1_884' title='bbox 1620 5410 1744 5483; x_wconf 77' lang='lat' dir='ltr'>quaejam</span> <span class='ocrx_word' id='word_1_885' title='bbox 1758 5408 1856 5467; x_wconf 84' lang='lat' dir='ltr'>iuerat</span> <span class='ocrx_word' id='word_1_886' title='bbox 1869 5427 1938 5469; x_wconf 82' lang='lat' dir='ltr'>aaa·</span> 
     </span>
     <span class='ocr_line' id='line_1_119' title="bbox 1132 5500 1938 5573; baseline -0.007 -10"><span class='ocrx_word' id='word_1_887' title='bbox 1132 5522 1210 5563; x_wconf 83' lang='lat' dir='ltr'>rorso</span> <span class='ocrx_word' id='word_1_888' title='bbox 1223 5515 1370 5561; x_wconf 87' lang='lat' dir='ltr'>retrorsum</span> <span class='ocrx_word' id='word_1_889' title='bbox 1383 5514 1412 5559; x_wconf 93' lang='lat' dir='ltr'>ut</span> <span class='ocrx_word' id='word_1_890' title='bbox 1424 5503 1527 5558; x_wconf 87' lang='lat' dir='ltr'>rideret</span> <span class='ocrx_word' id='word_1_891' title='bbox 1535 5501 1638 5566; x_wconf 85' lang='lat' dir='ltr'>lesum,</span> <span class='ocrx_word' id='word_1_892' title='bbox 1652 5500 1759 5571; x_wconf 87' lang='lat' dir='ltr'>quando</span> <span class='ocrx_word' id='word_1_893' title='bbox 1770 5516 1840 5556; x_wconf 88' lang='lat' dir='ltr'>eum</span> <span class='ocrx_word' id='word_1_894' title='bbox 1856 5512 1938 5573; x_wconf 84' lang='lat' dir='ltr'>pata·</span> 
     </span>
     <span class='ocr_line' id='line_1_120' title="bbox 1133 5593 1937 5664; baseline -0.004 -10"><span class='ocrx_word' id='word_1_895' title='bbox 1133 5596 1438 5661; x_wconf 85' lang='lat' dir='ltr'>altesselrortulanum,</span> <span class='ocrx_word' id='word_1_896' title='bbox 1453 5602 1555 5651; x_wconf 90' lang='lat' dir='ltr'>etcum</span> <span class='ocrx_word' id='word_1_897' title='bbox 1577 5594 1623 5649; x_wconf 92' lang='lat' dir='ltr'>illo</span> <span class='ocrx_word' id='word_1_898' title='bbox 1644 5594 1736 5664; x_wconf 89' lang='lat' dir='ltr'>utique</span> <span class='ocrx_word' id='word_1_899' title='bbox 1754 5593 1937 5663; x_wconf 73' lang='lat' dir='ltr'>torquebatur,</span> 
     </span>
     <span class='ocr_line' id='line_1_121' title="bbox 1136 5684 1940 5769; baseline -0.01 -20"><span class='ocrx_word' id='word_1_900' title='bbox 1136 5691 1269 5769; x_wconf 83' lang='lat' dir='ltr'>quomodo</span> <span class='ocrx_word' id='word_1_901' title='bbox 1283 5704 1376 5745; x_wconf 89' lang='lat' dir='ltr'>rursus</span> <span class='ocrx_word' id='word_1_902' title='bbox 1389 5702 1517 5744; x_wconf 77' lang='lat' dir='ltr'>carrrrorsa</span> <span class='ocrx_word' id='word_1_903' title='bbox 1527 5687 1634 5752; x_wconf 88' lang='lat' dir='ltr'>dicitur,</span> <span class='ocrx_word' id='word_1_904' title='bbox 1650 5693 1679 5740; x_wconf 93' lang='lat' dir='ltr'>ut</span> <span class='ocrx_word' id='word_1_905' title='bbox 1690 5685 1715 5741; x_wconf 92' lang='lat' dir='ltr'>ei</span> <span class='ocrx_word' id='word_1_906' title='bbox 1728 5684 1849 5747; x_wconf 86' lang='lat' dir='ltr'>diceret.</span> <span class='ocrx_word' id='word_1_907' title='bbox 1866 5688 1940 5742; x_wconf 86' lang='lat' dir='ltr'>liob-</span> 
     </span>
    </p>
   </div>
   <div class='ocr_carea' id='block_1_15' title="bbox 0 0 2038 6356">
    <p class='ocr_par' dir='ltr' id='par_1_18' title="bbox 0 0 2038 6356">
     <span class='ocr_line' id='line_1_122' title="bbox 0 0 2038 6356; baseline 0 0"><span class='ocrx_word' id='word_1_908' title='bbox 0 0 2038 6356; x_wconf 95' lang='lat' dir='ltr'> </span> 
     </span>
    </p>
   </div>
  </div>
 </body>
</html>
