4000 6359
264 260 337 321 ms
625 250 670 310 DE
688 249 906 310 llleBlLlBUS
923 248 1048 309 SACRAE
1066 247 1281 319 warmuse,
1300 252 1331 311 S.
1351 252 1535 313 accusatur
1818 258 1890 319 att.

266 378 409 438 comitibus
420 374 454 432 td
463 371 585 435 eumden
594 387 640 427 rer
654 370 822 453 ireprrrcipit
834 384 927 441 :quem
935 382 1053 425 consona
1106 368 1179 424 mino
1192 378 1220 425 et
1231 369 1302 441 Lege
1315 378 1418 440 mcum
1431 360 1516 436 lilios,
1530 372 1575 443 qui
1594 372 1620 427 in
1640 372 1732 428 &tirel
1751 371 1829 430 idolis
1842 377 1892 431 im-

268 450 351 521 pnnri
372 446 564 519 proferentem.
581 444 660 500 simili
678 452 808 497 sententia
827 440 920 497 cadem
939 439 1054 495 rirrrlicta
1106 440 1251 505 molebant,
1266 456 1327 497 cum
1341 440 1452 496 lortasse
1465 449 1492 498 et
1510 443 1558 510 ipsi
1575 443 1648 515 parri
1665 444 1793 513 puerine
1810 447 1894 503 moris

267 510 1055 656 stitttlnlbdstnttls?silletlslnltss
1105 512 1893 653 ll'stltllltlt{llistissi‚ballistis

267 662 347 785 lits
361 605 892 793 llt'llssltlstltlslt‘tlt
906 652 1055 776 lists?
1106 626 1782 793 littllitiltd'llstl.tlbt‘tldst
1795 656 1935 783 isil-

819 760 826 773 1
840 756 853 776 k
905 762 912 787 p
1046 756 1054 761 ”
1469 761 1476 774 ⁸
1612 762 1619 775 e

267 802 382 865 eocime,
420 798 461 851 liae
473 796 583 867 angelus
597 793 700 848 Domini
718 790 792 847 dixit.
806 791 857 859 Qui
874 793 927 846 citn
941 805 1055 863 surgens
1107 792 1221 846 tribuum
1243 792 1325 848 lsrael
1344 808 1360 845 a
1381 794 1493 847 ὓοιιιίιιο
1514 763 1582 847 ἰιΙόΙιι
1606 794 1719 848 colendo
1741 796 1895 864 divertens,

267 879 295 926 ct
303 884 424 937 gressum
435 868 554 931 sociam,
569 864 691 935 superbis
702 863 878 931 interemptis,
889 876 950 917 cnm
964 861 1055 917 humi·
1106 863 1225 932 peccauit
1236 863 1358 933 populus.
1370 862 1500 917 crateres
1510 863 1588 917 ctiam
1602 864 1734 933 Propheta
1745 866 1897 935 praevidens

267 939 332 995 liato
343 948 371 995 et
381 937 497 1008 supplice
507 935 540 989 ad
552 950 641 1006 regem
654 933 769 1005 perrexit
782 932 825 1001 (tt
842 932 905 1002 lteg.
914 947 934 998 t,
948 930 981 995 9,
997 930 1054 999 li).
1106 931 1168 1002 qrrid
1182 932 1257 1002 longa
1274 944 1333 1001 post
1346 943 1464 1003 tempora
1480 933 1593 989 illudens
1604 933 1709 988 Christo
1727 936 1754 988 in
1766 934 1897 991 Calcaria

269 1008 340 1081 lgnis
351 1017 440 1064 autem
459 1008 485 1061 in
499 1005 551 1061 ltoc
566 1006 645 1069 lrrco,
662 1005 729 1059 sicat
743 1012 771 1057 ct
790 1004 816 1057 in
837 1002 963 1073 praedicte
978 1002 1055 1055 bolo-
1106 1001 1234 1057 crucifixo
1246 1002 1398 1058 ludaonmt
1412 1004 1534 1073 petulans
1546 1006 1658 1073 populus
1671 1009 1896 1075 esset'passurns,

267 1090 361 1137 cstrsto
382 1080 449 1145 bei,
469 1076 542 1133 dicto
565 1075 703 1145 Prophetae
718 1073 799 1129 verbo
819 1071 968 1138 obediens,
984 1070 1055 1141 cited
1106 1073 1176 1141 quiid
1190 1073 1229 1127 eis
1244 1074 1343 1142 lrgnrali
1357 1076 1459 1129 ratione
1470 1073 1648 1140 competebat,
1660 1076 1764 1129 interim
1777 1085 1821 1130 est
1832 1092 1900 1145 npe-

266 1149 408 1220 iubebatur
428 1146 558 1217 implevit.
576 1147 608 1201 Et
622 1146 647 1199 in
666 1144 707 1199 his
721 1143 851 1214 gravioris
865 1143 973 1197 lbrsitan
993 1152 1055 1197 ante
1106 1153 1190 1197 ratus.
1215 1142 1314 1198 Deinde
1337 1144 1363 1197 in
1386 1143 1429 1197 illa
1451 1144 1634 1212 expeditione,
1654 1161 1704 1215 qua
1730 1144 1822 1199 lorcam
1850 1164 1898 1202 res
1971 1189 1974 1193 -

266 1220 400 1275 commissi
421 1219 522 1273 crimen
544 1218 664 1287 peccati,
691 1215 760 1269 sient
783 1222 810 1268 ct
835 1215 863 1267 in
881 1212 935 1267 liza
956 1219 984 1266 et
1004 1227 1055 1265 nu·
1107 1210 1204 1278 lsrael,
1218 1224 1244 1268 et
1258 1213 1385 1283 iosaphat
1403 1229 1450 1269 rex
1470 1214 1553 1279 luda,
1569 1225 1597 1269 et
1611 1230 1658 1268 rex
1674 1215 1759 1270 Edem
1775 1216 1810 1269 ad
1829 1218 1898 1274 lrlia«

266 1304 342 1345 mero
352 1290 441 1361 populi
455 1288 644 1359 praediximus,
658 1286 737 1339 ultris
749 1284 855 1341 llamma
869 1284 992 1339 trirnirum
1006 1297 1056 1353 pu-
1107 1282 1183 1336 llum
1201 1284 1335 1344 exierant,
1350 1299 1409 1338 cum
1429 1285 1457 1339 in
1474 1283 1580 1339 deserto
1601 1293 1672 1338 tritus
1687 1286 1824 1340 exereitus
1840 1288 1892 1341 sitis

266 1360 342 1416 nivit.
1107 1352 1198 1407 labore
1220 1355 1295 1409 lieret
1317 1352 1360 1407 lat¹
1380 1362 1448 1417 atus.
1466 1354 1579 1409 Elisaens
1598 1370 1681 1424 aquas
1701 1371 1749 1424 per
1766 1356 1895 1414 siccatum

266 1428 379 1489 catut
397 1426 469 1487 xxt.
483 1457 519 1469 -
536 1425 576 1483 lle
594 1423 778 1482 transeuntibus
796 1422 937 1479 Iordanem
953 1420 1014 1477 stra
1031 1428 1056 1477 et
1108 1427 1257 1478 torrentem
1273 1425 1331 1479 sine
1352 1369 1436 1492 pffuria
1454 1426 1545 1479 venire
1566 1439 1582 1478 a
1605 1426 1660 1480 lieo
1680 1424 1873 1495 impetraverat
1891 1446 1898 1481 ·.

607 1496 711 1551 Elissae.
899 1552 900 1557 ,
1107 1493 1154 1548 ubi
1177 1494 1261 1549 lossas
1282 1503 1309 1552 et
1327 1503 1423 1563 puteos
1444 1494 1568 1564 populum
1585 1495 1673 1551 lacere
1690 1496 1770 1565 jussit
1786 1506 1897 1567 propter

270 1640 276 1655 ι
303 1564 785 1654 ὓιηιιιιιιιιοοηιηῦοιιιίιιιιιΕἰίιιιιι
798 1562 1054 1645 elevareuoluisset,
1107 1561 1239 1618 israelitas
1259 1574 1287 1620 et
1306 1564 1427 1632 gentiles,
1452 1565 1497 1634 nui
1519 1565 1546 1619 in
1567 1565 1661 1649 eodem
1682 1566 1802 1648 exercitu
1822 1576 1898 1623 erant

267 1641 490 1767 listins
503 1632 1057 1779 llltillfftctslilttltdille
1107 1630 1901 1773 llld‘a.'itiilrsssss'istaistare

267 1782 305 1838 itu
325 1782 439 1837 liliorum
459 1779 540 1835 lsrael
561 1778 658 1833 lactum
682 1776 871 1847 prediximus,
892 1775 1056 1829 transierunt
1107 1788 1140 1829 ex
1156 1774 1305 1844 prophetis,
1321 1776 1525 1849 lacrymabiliter
1535 1779 1567 1830 ad
1584 1778 1782 1832 eumclamarit
1797 1776 1898 1841 alicae,

267 1850 335 1927 (ld.
351 1867 379 1915 tt,
394 1852 433 1923 8).
448 1849 475 1905 ln
489 1850 565 1918 cujus
577 1849 615 1904 rei
628 1848 850 1917 explanationem,
865 1844 898 1901 de
910 1844 979 1900 libro
991 1846 1056 1899 lesu
1107 1844 1244 1915 inquiens,
1256 1846 1364 1901 creditor
1375 1862 1443 1901 mens
1458 1847 1520 1900 dnos
1532 1846 1615 1915 filios,
1631 1862 1693 1917 geos
1703 1862 1774 1902 seruo
1787 1855 1833 1901 tao
1847 1848 1900 1901 niro

267 1922 392 1993 praedicta
406 1919 467 1976 lruic
480 1919 555 1989 operi
569 1920 633 1973 satis
646 1917 791 1975 snl'liciunt.
805 1916 935 1985 Quoniam
952 1915 1054 1971 durnin
1107 1929 1162 1969 meo
1193 1917 1260 1982 enni,
1275 1916 1309 1971 nd
1322 1917 1478 1971 senientiam
1491 1916 1549 1979 siti,
1564 1918 1624 1986 puin
1632 1916 1735 1971 reddere
1743 1918 1818 1972 nlisd
1830 1919 1900 1971 ultre

268 1992 358 2049 multis
372 1990 413 2047 liis
426 1990 591 2046 imitabilibus
603 1990 729 2044 virtutum
747 1988 828 2057 gestis
844 1984 967 2055 praedicta
989 2000 1056 2040 con·
1108 1999 1158 2038 non
1172 1932 1292 2051 galeam,
1309 1988 1394 2041 tollere
1405 1987 1482 2054 capit
1498 1988 1546 2042 Cui
1563 1988 1673 2042 Elisseus
1688 2005 1695 2041 :
1712 1985 1777 2055 Die,
1794 1988 1898 2058 inparia,

266 2064 386 2125 veniunt,
402 2061 496 2118 iisdem
508 2062 588 2115 rebus
603 2060 727 2115 miracula
742 2058 819 2124 lacta,
835 2066 862 2113 et
876 2056 899 2111 si
913 2056 939 2111 in
953 2056 1056 2127 llgnrali
1107 2071 1184 2126 qnam
1197 2073 1251 2111 rem
1263 2058 1290 2111 in
1303 2057 1378 2111 domo
1390 2068 1434 2110 tna
1445 2064 1514 2127 potes
1526 2056 1617 2111 iniere
1627 2056 1639 2111 i
1650 2055 1772 2123 Persem,
1785 2073 1902 2127 reapon-

267 2134 452 2205 etplanatione
470 2132 643 2187 deviaverunt
655 2170 661 2192 ,
677 2128 798 2186 eantdem
819 2136 906 2182 tamen
924 2129 1055 2182 rationem
1108 2126 1175 2180 dens
1187 2127 1234 2190 ait,
1247 2127 1297 2181 olei
1308 2143 1356 2197 qno
1373 2144 1454 2198 anper
1468 2126 1625 2181 reconditum
1637 2143 1712 2196 penes
1724 2144 1765 2182 me
1777 2129 1859 2183 liabeo
1872 2130 1901 2182 in

267 2204 293 2259 in
318 2219 405 2259 rerum
425 2211 556 2274 gestarum
579 2200 705 2255 lristorieo
726 2198 858 2252 intellectu
877 2197 1057 2265 expositiones
1108 2210 1175 2250 neoe.
1193 2194 1255 2252 Pete
1273 2213 1348 2269 erpo,
1362 2198 1447 2267 inquit
1461 2196 1587 2264 lilisaeus,
1603 2208 1691 2252 maleo
1706 2214 1723 2251 n
1741 2198 1832 2253 eiciaris
1850 2200 1901 2253 tais

268 2282 369 2329 natine
376 2272 493 2343 esigtmt.
501 2272 648 2339 Antequam
658 2269 692 2323 de
700 2265 966 2322 mirabilibusdivinae
977 2268 1056 2322 totius
1107 2279 1168 2319 osso
1186 2282 1265 2321 eman
1284 2284 1335 2322 non
1353 2283 1445 2339 posce
1459 2266 1535 2333 Quod
1549 2282 1610 2321 cum
1629 2268 1746 2328 lecisset,
1767 2268 1803 2323 de
1816 2284 1901 2338 pario

266 2343 410 2413 Scriptura
427 2341 560 2398 serrrronis
584 2340 668 2393 nostri
691 2338 850 2407 ooeperirnus
872 2346 961 2392 texere
980 2351 1057 2391 coro-
1108 2334 1156 2391 illo
1171 2337 1223 2391 olei
1238 2348 1376 2393 crescente
1392 2340 1448 2409 ipsa
1467 2338 1580 2408 replerit
1596 2339 1684 2392 omnia
1700 2338 1757 2406 (ld.
1771 2355 1809 2406 rr,
1824 2339 1899 2409 ld).

267 2414 367 2475 nutam,
382 2410 592 2485 operaepretium
603 2416 645 2465 est
658 2408 737 2464 etiam
748 2422 790 2469 ea,
803 2406 830 2462 in
843 2405 937 2477 qnibns
948 2414 1057 2477 propter
1108 2404 1171 2461 ttae
1185 2406 1279 2476 eaigm
1297 2407 1351 2463 olei
1370 2408 1497 2478 particula
1512 2423 1561 2477 per
1574 2408 1698 2463 virtutem
1711 2410 1856 2478 Proplretec
1872 2412 1900 2464 in

267 2482 473 2554 praenarratam
494 2479 694 2535 similitudinem
717 2478 860 2547 explanare
879 2476 978 2546 alirprid
1003 2492 1056 2532 non
1108 2476 1193 2547 maius
1212 2492 1334 2535 crescere
1350 2493 1403 2532 nort
1422 2488 1515 2533 contra
1533 2487 1653 2533 naturam
1670 2480 1766 2549 potuit.
1783 2479 1900 2535 bornen

266 2564 309 2607 est
327 2567 451 2620 necesse,
474 2560 551 2621 pmot
568 2558 642 2620 gesta
661 2557 723 2603 surrt
741 2560 887 2615 erponem
909 2548 1057 2618 presertim
1107 2548 1179 2601 enim
1193 2549 1403 2619 magnitudinem
1412 2557 1593 2605 creaturarum
1603 2550 1637 2604 de
1652 2552 1780 2619 paruitate
1791 2564 1902 2620 semper

267 2636 328 2677 cum
342 2638 373 2677 es
386 2620 550 2677 mirabilibus
559 2618 703 2687 Scripturas
715 2617 855 2672 dominicae
866 2617 901 2671 nil
917 2617 1055 2686 praeterire
1107 2631 1229 2675 crescere
1248 2621 1389 2682 convenit,
1404 2634 1464 2675 cnm
1480 2620 1630 2689 presertim
1645 2621 1789 2689 specialius
1808 2620 1861 2675 boc
1873 2622 1900 2676 in

267 2691 396 2761 disposui,
412 2692 438 2747 in
457 2690 552 2761 quibus
564 2706 578 2743 a
592 2690 739 2745 ministerio
753 2688 906 2759 quotidiano
924 2688 1057 2744 excellcre
1107 2688 1218 2758 liquoris
1237 2699 1341 2757 natura,
1358 2688 1523 2759 pincernaria
1540 2696 1597 2744 arte
1613 2691 1653 2757 lit,
1668 2701 1695 2746 ut
1710 2690 1837 2761 quadarn
1854 2707 1902 2761 po-

267 2770 298 2817 ut
311 2764 337 2817 in
350 2765 402 2818 alio
414 2762 547 2816 ridentur.
1107 2760 1228 2814 culorum
1249 2775 1347 2831 genera
1366 2760 1401 2816 de
1421 2773 1503 2831 parta
1524 2762 1634 2816 materia
1658 2761 1684 2815 in
1709 2760 1901 2816 abundantiam

385 2830 497 2888 CAPUT
511 2829 639 2885 llllll-
653 2828 690 2883 be
701 2829 845 2884 escensione
858 2826 935 2882 Elio.
1108 2828 1219 2899 liquoris
1239 2832 1375 2887 exundare
1394 2839 1422 2886 et
1441 2830 1591 2886 lersescere
1607 2832 1828 2900 comprobentur.
1850 2832 1902 2886 Per

303 2902 385 2974 lgitur
406 2902 535 2959 ambobns
556 2900 597 2955 bis
617 2899 673 2969 ripa
693 2898 816 2955 lordonis
836 2899 961 2968 egressis,
983 2898 1057 2955 Elias
1108 2900 1208 2954 Sunam
1227 2916 1332 2971 quoqne
1353 2902 1487 2956 civitatem
1507 2914 1580 2971 sape
1601 2902 1671 2957 idern
1687 2904 1729 2957 vir
1746 2902 1900 2972 egrediens,

268 2975 389 3031 ministro
407 2970 456 3029 s'uo
474 2972 596 3027 dicebat:
612 2968 720 3026 Postulo
738 2987 755 3023 n
772 2986 811 3023 me
823 2968 890 3040 prrod
908 2970 956 3036 sis,
970 2970 1055 3035 priss-
1107 2983 1168 3025 cum
1188 2973 1331 3040 antradam
1346 2973 1429 3027 diuite
1445 2970 1553 3037 lomina,
1567 2972 1615 3027 scd
1633 2972 1734 3039 sterili,
1752 2973 1827 3026 bono
1846 2974 1900 3027 lte-

267 3062 342 3119 prsarn
356 3062 395 3099 me
415 3042 484 3099 Deae
500 3059 515 3096 a
531 3053 555 3096 te
571 3042 678 3095 transire
693 3051 715 3097 et
730 3040 807 3111 recipi
820 3041 918 3110 patient.
933 3041 983 3094 cni
997 3040 1056 3095 Eli·
1107 3050 1221 3111 quentet
1239 3042 1354 3111 hospitio
1374 3051 1498 3112 receptus
1516 3041 1614 3105 luerat,
1633 3044 1756 3113 predixit
1771 3041 1846 3111 quod
1866 3042 1902 3096 de

267 3131 354 3183 sens,
378 3113 507 3187 Spiritus,
527 3113 627 3183 inquit,
649 3121 707 3167 tum
726 3110 831 3179 dapiea,
842 3110 953 3176 obceno,
964 3110 991 3163 ia
1015 3126 1057 3165 are
1108 3111 1167 3165 viro
1179 3113 1346 3182 snoprnprio
1359 3114 1520 3182 conciperet.
1530 3112 1583 3166 Sed
1595 3112 1638 3166 ille
1650 3123 1729 3168 natus
1741 3120 1770 3168 et
1783 3111 1901 3166 renuitas

267 3188 414 3257 requiescet.
436 3184 603 3306 llnmumtpuc
624 3182 699 3239 Elias
715 3199 721 3233 :
741 3180 853 3246 denter,
869 3180 954 3234 dicem
970 3190 1057 3249 postte
1107 3182 1182 3251 gravi
1200 3191 1227 3237 et
1240 3183 1318 3237 solita
1339 3182 1440 3237 doloris
1457 3182 1630 3251 egritudine,
1649 3181 1739 3237 adbuc
1751 3197 1821 3252 puer
1836 3198 1901 3251 per·

269 3257 402 3323 leeti,serl
419 3254 543 3315 taurensi
573 3268 618 3307 orn
634 3251 782 3322 receptionis
797 3265 859 3304 mee
872 3250 934 3302 milri
947 3265 1056 3317 precem
1107 3266 1203 3306 cussus
1226 3251 1301 3307 obiit.
1324 3253 1409 3320 Quem
1431 3261 1519 3306 tamen
1544 3252 1654 3306 Elisaeus
1677 3253 1783 3323 ligurali
1804 3252 1904 3307 ordine

269 3326 378 3380 astiteris
391 3334 415 3378 et
432 3324 541 3388 rideris,
555 3323 620 3376 bunc
638 3323 782 3393 petitionem
796 3330 896 3373 euentus
911 3319 1056 3389 corripiente.
1108 3322 1279 3386 resuscitans,
1305 3323 1384 3377 matti
1410 3322 1499 3375 rictam
1524 3323 1668 3390 assignavit
1690 3322 1783 3395 (ibid,
1808 3321 1901 3393 sat).

270 3394 327 3451 lloc
343 3408 407 3465 ergo
425 3392 563 3476 postulans
581 3394 702 3456 Elisans,
722 3406 775 3445 non
794 3390 917 3445 elationis
933 3390 1058 3463 allectum
1109 3389 1228 3458 erodam
1239 3393 1318 3447 ctiam
1329 3392 1623 3462 temporelamecoacti
1636 3393 1684 3447 dlii
1696 3392 1904 3464 prophetarum,

270 3479 351 3535 stipes
363 3472 516 3535 magistrum
529 3477 606 3517 cuum
618 3462 708 3525 soluit,
723 3461 770 3517 sed
784 3459 877 3514 ridens
889 3470 997 3531 peccata
1011 3477 1058 3530 po-
1109 3461 1180 3515 inter
1190 3470 1301 3517 ceteras
1317 3462 1413 3518 herbas
1425 3470 1543 3533 agrestes
1552 3463 1735 3543 colocyntidas
1746 3461 1904 3517 mertileras

270 3536 325 3605 puli
344 3535 497 3601 innumera,
519 3548 533 3587 a
554 3532 696 3602 propheta,
716 3531 761 3600 qrri
780 3530 981 3600 relinqueretur,
1003 3546 1056 3587 non
1109 3538 1137 3586 et
1153 3532 1229 3588 valde
1243 3547 1347 3588 amaras
1359 3547 1414 3587 non
1426 3540 1611 3603 agnoscentes,
1626 3548 1653 3586 m
1668 3534 1805 3602 pulmento
1817 3548 1904 3588 coxe-

269 3604 381 3686 simplici
403 3604 469 3687 Elias
492 3603 600 3687 spiritu,
625 3601 671 3657 sed
696 3600 798 3682 duplici
816 3601 949 3683 corripesci
976 3616 1057 3673 posse
1109 3612 1171 3657 runt
1186 3620 1193 3657 :
1207 3603 1277 3673 qrtod
1288 3618 1349 3658 cum
1362 3616 1431 3657 unrrs
1444 3601 1573 3685 quispiam
1588 3602 1693 3658 illorum
1706 3611 1859 3685 gustasset,
1875 3604 1903 3657 in

269 3670 1013 3815 isli¹..lt.sitallistlssllttltlltllt.
1027 3686 1058 3797 {i
1109 3671 1585 3812 tlallitssslttt'iitl
1598 3672 1906 3814 iffililidllss

269 3816 304 3872 ab
327 3816 385 3885 ipso
404 3816 460 3871 lilia
481 3812 552 3884 cited
574 3814 697 3881 petebat,
722 3812 887 3881 impetraret.
914 3809 995 3881 lgitur
1017 3813 1058 3868 lris
1110 3814 1193 3867 virtus
1211 3828 1260 3882 per
1278 3814 1349 3868 illius
1366 3812 1486 3867 larinulae
1505 3813 1625 3884 sapidum
1646 3824 1674 3869 et
1688 3829 1799 3869 suavem
1814 3825 1844 3868 et
1858 3830 1907 3868 sa·

270 3885 359 3951 dictis,
379 3885 540 3955 jamjamque
561 3883 631 3937 Elias
652 3882 729 3951 igneo
748 3897 826 3935 currn
847 3890 969 3950 receptus
985 3884 1059 3937 velut
1110 3898 1173 3936 nnm
1196 3897 1333 3952 saporem,
1353 3882 1495 3953 insipidum
1516 3892 1545 3938 et
1565 3883 1731 3940 mortiferum
1750 3884 1908 3955 comeran-

270 3955 305 4011 td
317 3958 424 4021 coeltrm,
435 3954 619 4012 considerante
630 3952 735 4015 Elisao,
744 3950 944 4021 rapitur(llrid.,
957 3950 985 4016 9,
1000 3952 1056 4024 li).
1109 3951 1203 4007 darum
1221 3954 1365 4023 agrestium
1376 3954 1439 4008 vicit
1457 3950 1548 4024 (lits,
1563 3952 1671 4025 ild-lli.
1683 3954 1780 4024 Viginti
1794 3968 1909 4023 quentia

271 4024 306 4081 Et
329 4027 457 4083 ltactenus
477 4026 551 4094 ipse,
574 4024 642 4079 sicut
662 4031 690 4077 et
711 4020 801 4076 Enoch
825 4022 853 4073 in
876 4021 1057 4076 testimoninm
1109 4036 1193 4092 panes
1218 4024 1245 4077 in
1270 4033 1376 4077 centum
1398 4024 1470 4077 viros
1490 4023 1572 4077 dividi
1592 4023 1769 4094 praecipiens,
1795 4024 1909 4079 turbant

269 4096 408 4153 novissimi
429 4094 572 4164 temporis,
596 4092 755 4147 adlrncsine
774 4099 860 4145 niorte
879 4101 1011 4152 serretur,
1029 4101 1058 4145 nt
1109 4101 1305 4158 saturaverunt,
1319 4102 1347 4147 ct
1365 4092 1624 4163 superabundantem
1643 4093 1781 4165 eopaml
1856 4110 1909 4149 en·

270 4168 372 4224 scilicet
394 4166 488 4221 lmrum
511 4165 537 4218 in
563 4176 610 4219 ore
632 4161 743 4216 duorum
767 4164 895 4224 testium,
921 4160 1058 4217 novissimi
1109 4170 1197 4217 torum
1213 4164 1369 4233 colligentes
1381 4162 1495 4218 ministri
1513 4162 1664 4219 babuerunt
1681 4109 1910 4234 (loisfffit).

270 4238 411 4293 testinnonii
423 4249 511 4291 sermo
522 4233 660 4298 consistat,
671 4234 697 4285 in
708 4240 828 4287 extremo
838 4238 968 4298 tempore,
979 4232 1058 4299 paulo
1111 4231 1165 4288 Sed
1181 4241 1208 4288 et
1226 4233 1260 4287 de
1275 4233 1353 4301 hujus
1365 4232 1471 4288 uirtutis
1490 4232 1662 4303 intelligentia
1680 4234 1833 4304 diligentius
1853 4250 1913 4289 ex-

269 4315 331 4361 ante
350 4321 429 4377 quarm
448 4305 589 4360 damnetur
610 4310 729 4366 satanas,
747 4302 791 4370 qui
812 4301 955 4354 numanum
972 4316 1058 4387 genus
1109 4303 1287 4373 placabimus,
1301 4319 1362 4357 cunr
1371 4303 1406 4359 de
1418 4304 1534 4373 grtinaue
1544 4305 1656 4385 panibus
1668 4305 1811 4360 etdtmbus
1822 4305 1914 4374 pisci-

268 4386 360 4447 aperto
381 4376 454 4431 bello
474 4373 615 4442 deprimat.
633 4371 814 4427 Conveniebat
832 4384 896 4439 ergo
918 4378 948 4425 ut
966 4370 1057 4440 blias,
1110 4375 1171 4439 bus,
1186 4383 1214 4430 et
1225 4388 1319 4428 rorans
1332 4374 1365 4428 de
1380 4382 1482 4443 septem
1495 4374 1609 4445 parribus
1620 4383 1648 4429 et
1660 4375 1796 4445 pisciculis
1810 4375 1914 4446 paucis

269 4460 348 4517 quem
369 4446 451 4513 divini
474 4444 573 4500 amoris
592 4442 674 4527 zelus,
700 4442 782 4523 ignito
804 4440 900 4565 aptore
921 4442 947 4565 ip
969 4442 1058 4525 anima
1109 4443 1137 4569 ip
1154 4443 1486 4569 lignapgpklpivsibopinus
1500 4444 1658 4567 perpeserit,
1672 4444 1854 4501 disseremus.

269 4516 496 4660 lsltfsttt
509 4520 966 4665 {insatiabilitas
982 4526 1059 4635 {ll}
1132 4514 1198 4569 Η]
1331 4542 1384 4565 ·“
1404 4515 1659 4639 affidari&
1677 4526 1786 4582 ‘'m‘’
1809 4524 1835 4571 ‘³
1860 4523 1917 4570 ‘⁶'

269 4668 399 4715 mutatum
415 4659 542 4715 Donrinus
560 4656 593 4711 ad
610 4655 791 4709 sublimiorem
806 4661 904 4708 statum
920 4650 1056 4707 creberet.
1145 4652 1210 4710 Post
1221 4654 1278 4708 lrac
1287 4653 1404 4708 Naaman
1417 4656 1540 4725 princeps
1548 4654 1681 4710 exercitus
1690 4654 1762 4725 regis
1771 4654 1866 4729 Syrie
1878 4656 1920 4714 le·

269 4728 400 4785 Cancrum
419 4743 486 4785 vero
504 4725 574 4809 quod
592 4724 626 4780 de
644 4725 735 4780 Erroclr
755 4724 780 4777 in
798 4723 883 4791 primo
902 4721 970 4777 libre
987 4736 1058 4792 prae·
1111 4738 1218 4796 prosus,
1229 4738 1290 4779 cum
1300 4725 1449 4779 mirabilem
1464 4727 1620 4795 proplietam
1628 4734 1657 4781 et
1664 4725 1920 4797 sarritmumgratia

269 4798 395 4860 diximus.
410 4798 475 4854 Eliae
489 4810 568 4852 enam
578 4794 720 4851 convenire
732 4792 879 4848 videamus.
1110 4793 1289 4849 condonatum
1302 4796 1329 4849 in
1342 4802 1413 4849 terra
1432 4795 1511 4850 lsrael
1530 4809 1591 4851 esse
1603 4797 1798 4865 comperisset;
1815 4799 1920 4853 comi-

375 4867 487 4926 caput
499 4865 595 4923 xxtlt.
606 4893 641 4906 -
654 4864 694 4919 De
705 4864 836 4918 melotibus
848 4861 944 4918 Elisoei.
1111 4872 1168 4921 tunt
1190 4866 1302 4933 stipatus
1323 4864 1398 4920 turba
1419 4866 1543 4931 militum,
1558 4868 1672 4937 sumptis
1687 4881 1703 4920 a
1723 4864 1840 4923 domino
1862 4883 1922 4923 sno

307 4942 409 4997 lnterca
424 4935 853 4994 labentiainterramvestimenta
868 4934 933 4989 Elia
946 4942 1059 4989 moestns
1111 4936 1265 4991 muneribus
1288 4947 1316 4989 et
1339 4935 1476 5003 epistolis,
1533 4937 1621 4991 imitus
1645 4936 1680 4990 ad
1704 4950 1798 5007 regem
1821 4938 1923 4993 lsrael

269 5010 356 5068 ltaeres
377 5011 488 5066 Elisaens
505 5007 646 5072 colligebat
664 5012 692 5061 et
711 5004 865 5067 tardarem,
889 5004 952 5059 item
975 5006 1058 5060 beuta
1110 5007 1218 5077 pergit:
1235 5007 1333 5075 etipse
1352 5006 1426 5060 illurn
1441 5005 1476 5059 ad
1529 5021 1600 5061 mnnr
1615 5005 1704 5061 Elisaei
1718 5008 1835 5063 tendere
1851 5024 1924 5063 mo·

270 5080 337 5139 Elias
358 5082 501 5144 inrrrcans,
528 5079 595 5149 pede
616 5076 687 5133 sicco
713 5077 863 5129 transierat.
889 5076 1003 5129 leniens
1031 5077 1059 5129 in
1112 5084 1167 5131 net.
1182 5075 1230 5131 llbi
1245 5091 1300 5145 pre
1314 5076 1415 5131 loribus
1428 5083 1516 5131 statue
1529 5076 1585 5140 illo,
1600 5076 1713 5132 Ellsaeus
1727 5093 1777 5149 per
1790 5092 1925 5147 puerum

270 5153 387 5216 lericbo,
403 5162 508 5205 amaras
522 5156 550 5204 et
561 5148 664 5203 steriles
680 5160 763 5215 aquas
781 5144 900 5200 immisso
918 5146 943 5199 in
958 5146 1058 5200 lontnn
1109 5146 1205 5217 jussit,
1226 5156 1255 5199 ut
1277 5147 1377 5215 septies
1398 5146 1426 5200 ln
1446 5146 1561 5201 iordane
1583 5162 1615 5203 se
1636 5146 1750 5203 lavaret.
1769 5147 1827 5203 Sed
1857 5150 1928 5218 ipse

270 5225 333 5289 sale,
350 5222 420 5277 sicut
432 5235 479 5291 per
492 5218 591 5289 lignum
610 5219 637 5272 in
649 5228 740 5274 erento
757 5214 871 5286 llrryses,
884 5216 1005 5270 sanabat.
1022 5216 1059 5270 ue
1111 5216 1284 5287 superciliose
1300 5217 1423 5270 nuntium
1440 5218 1549 5272 omnino
1565 5216 1733 5287 despiceret,
1747 5218 1797 5273 nisi
1819 5223 1930 5275 socio-

270 5309 321 5363 nua
345 5294 427 5347 etiam
450 5304 478 5345 re
492 5290 518 5343 in
539 5288 599 5344 loco
622 5287 669 5342 illo
689 5286 846 5340 disseruisse
865 5286 970 5340 sullicit.
995 5285 1059 5341 lnde
1112 5302 1172 5341 rum
1185 5301 1295 5341 suorum
1313 5287 1491 5354 senrrmibus,
1510 5295 1542 5341 nt
1563 5288 1631 5343 lianc
1650 5298 1704 5343 tana
1722 5289 1834 5345 lacilem
1860 5306 1929 5346 retu

270 5364 379 5418 ueniens
401 5364 428 5416 in
448 5358 558 5423 Bctlrel,
578 5373 592 5412 a
610 5357 699 5429 pneris
721 5356 808 5425 pariis
832 5354 922 5411 calvus
947 5356 1058 5413 Elisceus
1113 5356 1222 5425 laceret,
1235 5370 1330 5411 suasus
1342 5358 1430 5411 locet:
1444 5359 1541 5441 quibus
1550 5359 1735 5428 acquiescens,
1750 5357 1881 5429 septies,
1897 5373 1932 5418 ut

270 5432 439 5489 illudebatur.
458 5430 638 5499 Quibuscum
657 5428 683 5483 in
703 5425 1058 5483 nomiuellominimaledi-
1112 5427 1227 5483 Elisarus
1250 5434 1430 5497 praeceperat,
1457 5444 1484 5484 m
1506 5428 1623 5485 iordane
1645 5430 1765 5497 lavatur3
1790 5430 1934 5503 citaeque

269 5512 354 5567 ceret,
368 5502 473 5557 duobus
490 5499 561 5555 ursis
578 5500 611 5555 de
626 5499 692 5554 silva
705 5497 871 5553 uenientibus
886 5496 1058 5568 quadraginta
1113 5499 1181 5554 cutis
1196 5507 1252 5553 teta
1270 5497 1397 5553 malliset
1409 5500 1609 5570 terrera,ouasi
1628 5502 1717 5570 pueri,
1732 5510 1837 5555 sanata
1856 5505 1935 5559 red*

270 5575 324 5631 dun
335 5574 409 5643 pueri
420 5572 569 5627 lacerantur
587 5568 679 5644 (liis,
696 5568 798 5639 tait).
813 5568 842 5621 ln
860 5566 910 5622 lroc
929 5568 988 5623 loct)
1004 5584 1059 5625 non
1112 5570 1193 5624 ditnr.
1218 5568 1293 5625 llnde
1317 5583 1365 5639 pro
1385 5570 1479 5624 salrrtis
1503 5570 1621 5626 bertelino
1641 5572 1699 5627 ciro
1722 5571 1950 5634 betacaren.

260 5655 378 5717 propter
390 5644 526 5716 proprium
539 5642 699 5708 convicium,
713 5640 843 5707 Prnpbeta
856 5638 882 5693 in
897 5638 1059 5695 iracundiam
1112 5640 1211 5697 offerre
1222 5639 1352 5695 tentabat.
1364 5638 1431 5707 Quae
1442 5640 1487 5697 iile
1498 5656 1637 5709 recursans,
1647 5642 1719 5713 quod
1729 5642 1823 5713 gratis
1840 5660 1938 5705 aoee-

270 5724 420 5779 commotus
437 5714 528 5785 pueris
547 5712 700 5779 maledixit3
716 5711 764 5776 sed
779 5718 959 5773 crematorum
973 5724 989 5771 a
1003 5710 1059 5769 [to-
1112 5722 1203 5791 peren
1217 5712 1300 5784 gretia
1316 5712 1446 5786 impertiri
1466 5713 1596 5775 malebat.
1614 5713 1655 5769 lix
1674 5714 1725 5771 bac
1742 5726 1773 5769 rs
1786 5717 1939 5779 maniis-
