4000 6359
4 390 5 411 ι
114 354 187 413 rtet
682 345 785 408 rnna
803 324 1004 417 reanum-
1014 340 1198 412 serenans.
1685 343 1756 400 aron

113 479 165 537 ret,
181 467 242 539 regi
259 466 401 536 imbuet,
424 466 520 534 etipse
545 478 593 532 ror
615 460 662 521 lici
674 466 810 537 praecepto
830 457 903 520 nulio
959 476 1008 533 per
1020 460 1061 517 llo
1080 461 1103 518 si
1118 475 1184 533 opus
1202 465 1389 523 convocantur.
1404 458 1510 532 Moyses
1517 458 1595 543 ‚enim
1616 469 1750 533 sumptum

115 538 385 603 modenanaentiret,
410 536 557 607 otiabante
568 533 682 600 bonno
702 532 794 593 elecem
820 531 906 607 plagis
959 531 1109 604 decamno
1130 531 1267 605 pulverem
1285 530 1424 587 inerciam
1439 536 1552 604 spanni,
1573 532 1756 592 camis

114 620 219 667 serram
237 609 348 684 AEgppti
361 608 525 679 ῆιριιιιιιιις
541 603 628 677 primo
640 620 779 677 percussas
803 602 829 659 in
844 618 906 664 san·
959 601 1114 670 bominibus
1134 607 1161 672 et
1174 602 1317 675 jamnitis,
1335 601 1467 679 mulcere
1476 602 1614 658 mutia
1625 603 1757 673 utprdria

115 684 223 753 guinem
235 680 315 739 sertb
327 694 420 750 aquae,
447 678 483 733 ita
506 685 534 740 ut
549 692 644 737 ornnes
663 692 739 751 aquae
760 691 809 753 ριι
825 680 906 732 totam
959 671 987 730 in
1000 672 1073 729 omni
1086 683 1157 729 terra
1175 670 1285 745 AEgyptl
1298 681 1454 729 naseuntur.
1467 673 1754 756 Etpsstenaaaumcns

115 752 263 823 AEgyptmn
277 757 385 813 mutmae
398 751 424 809 in
437 749 603 819 sanguinem
617 746 794 815 animantibus
804 760 863 817 oum
875 744 902 802 in
959 744 1062 817 rimam
1075 745 1102 811 in
1116 745 1215 815 omium
1224 744 1360 813 erterrdit,
1372 752 1401 801 et
1416 743 1554 816 grandinis
1565 744 1756 829 irriganturque

93 824 907 963 marram
958 814 1077 943 les
1091 814 1755 968 amaseam

724 926 732 946 ⁸
780 930 789 955 Ι
833 929 839 955 i
897 924 905 941 ‘
1360 944 1364 951 ·

115 963 413 1035 Haerentemprimitns
426 961 540 1025 uindicta
553 960 684 1033 AEgpptiis
698 973 834 1031 cunrrege
857 971 906 1025 suo
959 956 1003 1015 dic
1024 972 1055 1013 ns
1085 957 1251 1030 totidemque
1270 959 1393 1017 noctibus
1449 928 1755 1017 rmaneutas’tanebras

116 1034 311 1093 murenienter
322 1040 457 1100 numerat,
472 1040 500 1093 ιιι
519 1032 563 1103 oui
577 1030 623 1087 liei
640 1030 731 1105 populi
743 1024 857 1087 inientes
880 1028 907 1083 in
959 1028 1135 1097 crassitudine
1156 1029 1318 1100 palpabiles,
1342 1036 1370 1084 et
1554 1028 1656 1099 lerales
1672 1046 1704 1085 su

116 1105 215 1164 buaren
234 1105 329 1175 jactari
349 1112 544 1175 preceperant,
561 1102 683 1173 eiusdem
700 1095 817 1162 fluminis
838 1114 907 1173 aqua
958 1106 1058 1167 terram
1068 1095 1708 1173 lnonrnllieoerss,anun,semensas
1744 1116 1753 1166 ς

116 1176 143 1232 in
156 1176 316 1245 sangninem
336 1190 414 1235 uersa
438 1172 548 1235 exitium
572 1170 723 1234 bibentibus
744 1166 866 1301 ἱιιιιιιιιι
880 1177 907 1228 ιι
960 1186 988 1236 x,
1003 1169 1060 1237 ιι).
1075 1169 1172 1227 ilitima
1189 1178 1281 1254 'autem
1296 1171 1379 1297 (plaga
1392 1186 1478 1241 neque
1490 1173 1651 1255 periurae,
1666 1186 1755 1243 neone

115 1262 173 1303 nnn
199 1246 354 1303 bibentibus
385 1260 492 1315 prorsam
522 1251 672 1320 praestaret.
696 1243 841 1303 Atreroet
864 1256 906 1299 ιοι
958 1254 1007 1311 pes
1021 1241 1250 1313 lioysenaccrdrt,
1266 1256 1295 1297 sc
1321 1242 1600 1316 angelnsnenmper
1680 1251 1755 1313 ptum

115 1311 906 1387 requirendtunestmuedadpraesentisoperispropositmn
958 1312 1092 1374 transiens
1116 1320 1212 1383 cerreta
1239 1310 1425 1385 AEgyptiornm
1450 1313 1624 1393 primogenita
1690 1312 1756 1369 lenit

115 1387 237 1459 respicit,
251 1386 582 1458 quomodolleusnatnrae
603 1380 905 1455 gubernatornaturali·
958 1378 1015 1453 (td.
1032 1398 1080 1446 uir,
1094 1380 1151 1455 29).
1172 1382 1318 1453 Quotiese
1350 1382 1417 1442 ode
1438 1382 1636 1440 terratindinta
1649 1384 1756 1457 colligi-

116 1467 155 1513 ιιι
167 1459 304 1529 aqnamin
321 1458 476 1527 sanguinem
494 1456 615 1515 mutarit.
631 1456 706 1525 Aqua
719 1454 799 1525 igitur
817 1451 906 1512 cuncti
959 1461 1018 1520 mr,
1041 1470 1089 1523 per
1109 1454 1198 1528 Aaron
1215 1453 1288 1510 reiut
1307 1453 1334 1508 ln
1347 1454 1442 1511 erinnis
1458 1454 1560 1511 ordinis
1582 1454 1752 1523 ministrnm

115 1529 229 1598 lmnoris
242 1529 362 1591 materia,
376 1526 494 1597 quotidie
515 1543 562 1597 per
588 1526 706 1597 ipsarum
722 1540 810 1581 rerum
825 1522 904 1583 mini-
958 1538 1093 1605 quaerero
1112 1525 1145 1583 de
1165 1524 1318 1582 volatilibus
1336 1536 1365 1581 et
1384 1534 1469 1584 ιιιιιιι
1481 1524 1678 1595 iumentorum,
1693 1540 1754 1597 quas

115 1602 260 1655 strutiones
275 1598 303 1655 iu
314 1596 419 1655 diuersa
433 1606 560 1663 mutator,
575 1597 639 1661 duna
651 1596 684 1656 ad
698 1593 906 1669 turriuseujmque
957 1602 985 1651 et
998 1594 1055 1664 ipsa
1070 1595 1141 1651 relnt
1155 1595 1182 1653 in
1203 1604 1272 1653 terra
1287 1596 1392 1661 rolant,
1410 1611 1489 1669 poena
1506 1596 1689 1664 contrabitur,
1705 1612 1754 1667 per

114 1680 218 1724 natrrrar
234 1677 339 1738 pastum
354 1667 562 1727 etreleetioasm
577 1667 758 1729 indesinenter
782 1674 810 1721 ιι
828 1674 905 1721 natu·
957 1662 1042 1733 Moysi
1062 1666 1201 1737 imperinm
1223 1667 1326 1744 agitur;
1344 1668 1452 1737 quando
1469 1674 1559 1723 antem
1573 1666 1609 1722 dc
1629 1669 1754 1737 snpemis

116 1742 210 1795 naliter
220 1739 397 1797 conbabitur.
409 1739 480 1797 (inm
493 1739 564 1799 euim
580 1753 627 1807 per
645 1738 705 1793 vitis
720 1735 843 1793 arborem
863 1734 905 1791 in·
957 1736 1072 1792 nubibus
1093 1738 1231 1807 castigatio
1254 1747 1430 1803 convocatur,
1458 1751 1506 1809 ριι
1523 1736 1706 1794 extensionem
1724 1738 1753 1794 in

113 1810 245 1875 tunditur,
258 1810 480 1879 irnsinisaporcm
491 1818 519 1865 et
528 1810 646 1865 colorem
656 1814 833 1863 mutatnrret
843 1820 905 1866 ιιιιιι
957 1806 1041 1865 altum
1061 1806 1183 1867 llosaicm
1204 1824 1300 1867 marrus
1318 1807 1484 1865 conducitur.
1506 1808 1619 1863 atsere
1646 1807 1753 1878 quando

113 1881 193 1935 oliv-n
204 1880 269 1949 ligni
283 1880 316 1935 ad
336 1881 456 1937 excelsas
475 1882 641 1940 summitates
653 1876 783 1944 aseendit,
810 1876 904 1931 eadem
957 1874 1081 1934 humanae
1104 1878 1197 1933 mortis
1211 1878 1299 1935 exitus
1317 1894 1332 1933 a
1349 1880 1403 1934 Deo
1420 1878 1609 1951 tbspensatnr,
1631 1893 1686 1933 non
1701 1878 1753 1933 bo-

116 1964 183 2020 arpua
196 1951 249 2005 olei
263 1950 452 2021 pinguedinem
466 1950 529 2005 lacit
544 1968 551 2003 :
567 1959 594 2007 et
604 1964 664 2008 ιιιιιι
674 1949 707 2012 ab
721 1947 815 2017 apibus
830 1947 857 2001 in
871 1946 905 2003 la·
956 1946 1040 2015 mirri,
1059 1948 1106 2007 sod
1126 1951 1219 2020 angelo
1240 1949 1417 2005 mirtisterinm
1438 1948 1502 2005 illud
1523 1947 1709 2013 commititur:
1723 1958 1753 2005 ut

113 2024 335 2091 noscerngeritur,
349 2022 436 2075 mellis
453 2020 622 2079 dulcedinem
634 2025 760 2101 operatur
775 2037 787 2099 ι,
797 2026 825 2073 ιι
843 2032 904 2086 eum
956 2017 1003 2141 fini
1018 2018 1082 2075 iilud
1098 2034 1181 2091 usqne
1194 2028 1246 2075 tem
1268 2035 1298 2076 us
1309 2034 1356 2091 per
1368 2036 1476 2093 rernm,
1492 2035 1559 2090 qnae
1567 2019 1751 2102 possidebant,

117 2106 164 2160 per
180 2093 331 2161 pabnarnm
342 2090 811 2163 roboredireriturmaotyinsgrgmt,
825 2096 851 2142 et
869 2086 903 2143 ad
976 2088 1061 2158 agella
1074 2090 1161 2149 mines
1179 2037 1363 2157 torreflantur,
1380 2091 1474 2145 saltem
1492 2106 1540 2163 per
1554 2105 1610 2147 suan
1625 2090 1752 2161 insignis-

114 2164 213 2217 sicerae
226 2162 385 2219 suauitatem
397 2176 523 2231 cupream
534 2159 653 2231 pervenit
669 2168 720 2217 :st
733 2173 793 2216 cum
808 2158 835 2219 in
847 2157 905 2213 ani·
956 2158 1031 2214 sinin
1048 2162 1130 2229 partis
1153 2161 1342 2217 detrimentum
1358 2176 1515 2229 commune,
1530 2160 1602 2231 quoti
1619 2162 1751 2232 sequeba-

116 2232 230 2287 malinm
243 2232 407 2287 diversorum
423 2240 527 2302 pastum
544 2230 697 2301 deputatur,
721 2229 747 2285 in
768 2228 905 2311 sanguinis
956 2235 1015 2297 tur,
1040 2231 1177 2299 interitum
1201 2242 1367 2290 vererentur.
1389 2233 1502 2289 istarum
1522 2247 1629 2305 oenone
1655 2230 1752 2287 modus

114 2302 277 2358 snbsmntias
289 2302 409 2359 diversas
435 2318 484 2371 per
495 2302 616 2361 eamdem
637 2316 746 2363 carnem
763 2299 904 2369 distingui-
984 2315 1093 2369 agarum
1109 2302 1241 2373 undiquc,
1260 2302 1314 2359 boo
1325 2310 1382 2369 est,
1397 2311 1481 2369 terra,
1500 2300 1590 2374 aquis,
1606 2301 1750 2358 animanti-

114 2380 169 2428 tur.
179 2372 249 2427 llam
261 2380 289 2429 ct
302 2373 451 2429 nutriendis
461 2374 566 2440 letibus,
581 2372 637 2430 albi
648 2370 747 2429 eoloris
762 2378 790 2432 et
807 2369 904 2427 suanis·
976 2386 1021 2436 ns,
1034 2387 1111 2438 aere,
1126 2371 1202 2441 ignee,
1216 2372 1346 2437 nubibus,
1358 2371 1427 2429 coelo
1444 2380 1472 2428 ct
1491 2372 1601 2443 Angelis
1615 2387 1751 2428 ιιιιιιιιι·

114 2443 190 2501 sienae
216 2442 364 2499 dulcedinis
392 2444 420 2499 in
436 2443 561 2502 ulceribus
582 2444 624 2499 ine
644 2448 785 2512 preparat,
810 2448 837 2495 ιι
853 2455 905 2521 ριι·
955 2449 1009 2509 rat,
1025 2451 1052 2497 nt
1067 2444 1253 2501 ostenderetur
1264 2442 1335 2513 qnod
1345 2451 1437 2498 contra
1451 2442 1506 2497 Deo
1518 2442 1634 2502 rebelles
1647 2450 1676 2499 et
1687 2458 1752 2499 eon·

113 2520 210 2567 cuneta
223 2514 332 2583 reliquas
346 2514 435 2569 carnis
445 2512 564 2571 rriembra
577 2512 754 2570 rubicundum
767 2512 905 2581 anguinis
955 2519 1075 2573 tumaces
1099 2530 1159 2572 sese
1185 2514 1285 2587 pariter
1302 2514 1443 2574 uniuersus
1459 2513 1533 2569 orbis
1552 2523 1650 2572 armat.
1677 2513 1753 2570 Sicut

114 2584 236 2642 colorem
250 2585 344 2641 lurcat-
355 2584 645 2653 nulracnntprarerca
656 2582 792 2651 sanguinis
804 2596 904 2653 genera
955 2590 1044 2643 autern
1058 2582 1089 2641 iis
1111 2600 1179 2653 qnos
1193 2586 1266 2642 lions
1285 2584 1380 2655 punire
1400 2584 1500 2655 volrrit,
1525 2584 1613 2639 enanis
1628 2592 1751 2641 ereatura

114 2668 163 2723 per
192 2653 315 2710 eamdem
338 2669 457 2722 carnem,
481 2670 541 2725 quae
571 2669 656 2723 usone
678 2654 712 2710 ad
734 2652 827 2723 uiginti
854 2652 902 2707 tria
955 2652 1095 2719 irasciturt
1110 2655 1149 2710 sic
1166 2654 1503 2725 etillisqnibusauniliunr
1517 2653 1646 2725 praebuit,
1662 2656 1750 2713 omnis

114 2724 264 2795 masengi
277 2725 457 2791 dinumerant,
472 2741 505 2781 ex
518 2724 614 2794 quibus
628 2724 741 2789 ueritiam,
758 2737 859 2788 semen,
870 2720 904 2780 iel
954 2732 1078 2782 creatura
1089 2724 1257 2797 suffragatur.
1270 2723 1373 2789 Etenim
1384 2723 1434 2778 lros
1446 2724 1539 2780 ambos
1550 2725 1663 2797 populos
1675 2740 1750 2782 mare

114 2794 222 2865 nigram
235 2805 263 2850 et
272 2794 373 2861 mlum,
388 2795 488 2851 salitas
500 2805 528 2850 et
539 2796 681 2866 lacrymas,
695 2803 721 2850 et
733 2802 830 2855 ιιιιιιι
841 2807 903 2850 esse
954 2790 1074 2851 iinbrmn
1091 2795 1181 2857 divisit
1198 2813 1205 2849 :
1222 2796 1266 2853 nbi
1280 2810 1374 2851 eornm
1384 2794 1462 2851 alteri
1474 2795 1556 2850 totins
1568 2810 1702 2868 pressurae
1716 2795 1749 2851 ll·

114 2866 274 2921 secundant
286 2881 295 2921 ι
308 2866 366 2921 laren
383 2866 545 2935 quotidianis
562 2862 836 2923 administrationibus
856 2878 903 2921 na-
955 2865 1012 2934 nis,
1028 2864 1130 2923 ‘nitium
1143 2866 1220 2924 alteri
1233 2876 1338 2921 cuneta
1349 2865 1483 2921 felicitatis
1497 2865 1557 2921 luit.

115 2944 183 2991 turae
196 2950 252 2992 suae
262 2952 365 3006 perrea
378 2936 464 2993 varias
476 2934 902 3006 aquaprapnat.Qnrtdergoca-
972 2882 1087 2993 cnidi
1096 2936 1156 2996 XX.
1171 2934 1255 2993 -De
1268 2936 1396 2993 recedente
1409 2946 1433 2991 et
1444 2936 1537 2991 siccato
1553 2936 1619 2991 merl
1632 2936 1729 2992 linire.

115 3006 226 3075 panibus
239 3008 374 3063 mutibus
395 3007 494 3071 onan,
512 3006 535 3061 si
560 3006 626 3065 iliud
640 3006 711 3076 quod
731 3020 779 3074 ριι
798 3012 903 3073 tempus
990 3004 1056 3068 Corn
1067 3006 1217 3077 dimissum,
1231 3015 1268 3074 tot
1283 3005 1366 3079 plagis
1378 3006 1470 3073 attriti,
1481 3005 1654 3063 israeliticum
1663 3022 1749 3081 popu-

114 3076 220 3147 longins
237 3076 311 3145 iacit,
330 3078 505 3133 inmnruento
549 3092 579 3131 er
595 3077 698 3146 jussum
726 3072 903 3145 poteritissiml
955 3076 1057 3136 lnmAE
1095 3079 1175 3149 ptiia
1196 3093 1226 3135 se
1240 3080 1315 3135 exire
1336 3077 1544 3149 contpnlissent3
1560 3079 1631 3134 araia
1654 3092 1748 3134 rursus

113 3147 309 3203 Gubernatoris
334 3148 529 3203 naturalitere
558 3146 664 3206 eiatnri
692 3146 766 3215 aqua
791 3161 855 3217 ergo
876 3146 902 3201 in
955 3149 1040 3221 poerrit
1078 3149 1286 3218 resectionem
1294 3148 1745 3221 cumregesuoexercituspergnnt,

113 3220 372 3287 sangumemrersa,
386 3226 539 3273 noneontra
552 3226 671 3277 staturam
686 3216 759 3282 lacit,
774 3214 821 3281 red
832 3214 904 3286 quod
956 3226 984 3275 nt
997 3234 1064 3291 quos
1073 3218 1240 3287 dimiserant,
1250 3219 1348 3275 iterum
1360 3218 1394 3275 ad
1405 3220 1746 3275 servitutcrnrctralrercnt.

115 3288 176 3342 aliis
190 3290 271 3345 rebus
286 3304 334 3359 per
353 3296 457 3359 tempus
473 3288 601 3357 elliceret,
618 3288 729 3359 jubente
747 3284 903 3345 llominoin
955 3288 1023 3355 'lum
1037 3288 1120 3351 lsrael
1140 3290 1168 3349 in
1186 3298 1299 3364 angusto
1317 3290 1398 3348 utaris
1415 3286 1499 3345 Rubri
1520 3290 1580 3347 sinu
1596 3300 1748 3358 coarctato,

113 3358 259 3485 ιιωὲὶιῆι
290 3359 554 3485 siff-minens
585 3427 699 3497 ΝΜ
751 3428 844 3485 amm
955 3359 1376 3495 M‘ffaegfifigffiss·⁵¹39²fp²¹⁰¹³5⁰⁵1
1385 3360 1654 3488 9¹¹⁰¹¹3⁰¹¹⁸f²⁵¹¹bi²¹⁰
1667 3362 1749 3487 magis

153 3472 306 3555 Decasteria
319 3466 385 3555 vero
395 3498 480 3570 plagis
499 3445 594 3570 qnibtfs
610 3486 680 3555 Dens
697 3446 867 3580 gequetanen
878 3506 905 3555 et
921 3496 928 3503 “
956 3443 1750 3585 ζειὃιιιὲιῗιΙιιιιςιιιιιιῖὲιιιιιὲἒῖιὲιὲιιιιιειξῗίιιιῖἓ,θιιῖἓξιῗιξιῖῗιιιῖ

113 3568 220 3640 moysee
232 3583 281 3639 per
291 3571 396 3635 Aaron,
410 3570 577 3627 Pharaonem
587 3578 615 3627 et
627 3578 724 3629 terram
737 3584 794 3639 epus
804 3578 832 3627 ιι
845 3586 904 3628 scr·
956 3572 1130 3644 immissoque
1137 3580 1227 3638 nerito,
1236 3589 1284 3643 per
1295 3582 1376 3628 totarn
1391 3584 1496 3629 noctem
1510 3572 1583 3634 Dens
1595 3588 1668 3629 marc
1677 3572 1749 3628 diri-

113 3652 165 3697 ιιι
184 3640 244 3709 ejus
262 3640 453 3711 castigaverat,
476 3640 514 3696 nil
532 3640 679 3697 excessisse
704 3640 832 3697 terminos
855 3654 903 3703 na·
956 3658 1033 3712 cunr,
1049 3642 1130 3699 etiam
1143 3644 1170 3699 in
1183 3644 1284 3704 siecum
1298 3643 1388 3709 vertit,
1402 3652 1430 3699 et
1444 3644 1514 3699 inter
1529 3642 1622 3699 ambos
1634 3644 1748 3715 popellos

115 3718 202 3775 turm,
224 3710 281 3779 ipsa
305 3710 442 3793 plagarum
464 3710 578 3781 simplex
598 3710 716 3767 narratio
743 3710 902 3769 manifestat.
957 3712 1071 3783 nubem,
1084 3730 1144 3785 qun
1156 3711 1296 3778 divideret,
1309 3716 1488 3779 tenebrosam,
1502 3722 1647 3774 etnoctem
1661 3714 1748 3785 ipsam

115 3778 247 3847 Quondam
265 3787 316 3836 etat
336 3790 399 3837 tunc
420 3780 499 3837 solito
525 3781 631 3851 plures,
646 3795 754 3856 soniper
772 3780 904 3846 mmeritis
957 3781 1152 3842 illuminantem
1174 3782 1324 3847 columnam
1346 3783 1466 3840 immisit.
1481 3783 1547 3839 liam
1563 3792 1590 3839 et
1600 3782 1748 3840 Pharaonis

115 3850 194 3919 aquis
211 3865 284 3907 ranae
297 3860 457 3917 nascunturr
478 3858 506 3907 et
524 3851 658 3922 sciniphes
676 3850 905 3921 astatistcnpore
957 3855 1090 3913 exercitus
1105 3869 1179 3912 mare
1193 3850 1342 3925 postlsrael
1355 3852 1462 3911 intrarit
1475 3854 1745 3925 :sedunirciuginm

114 3924 207 3977 calore
226 3920 336 3977 solisds
351 3921 461 3991 pallore
482 3923 619 3987 minutum
639 3922 748 3977 locuste
767 3931 794 3981 ιι
805 3936 906 3985 mnseae
957 3924 1035 3984 alteri
1049 3924 1231 3997 lagnensiuit.
1245 3925 1413 4003 Quapropter
1437 3933 1463 3981 ιι
1481 3925 1525 3983 illa
1552 3924 1636 3981 nubes
1659 3924 1746 3981 media

115 3991 180 4045 aslis
200 3990 453 4073 lerroro‘selidatae
473 3992 590 4063 undiquc
614 3992 790 4055 eotrreninnt.
814 4000 842 4052 et
862 3993 907 4061 ju-
982 4010 986 4035 ι
1012 3994 1091 4069 yptiis
1110 4004 1170 4053 erat
1187 3996 1339 4061 tenebrosa,
1353 4004 1383 4053 ut
1396 4010 1443 4066 ριι
1468 4004 1549 4053 natam
1562 4004 1668 4055 nzrctern
1683 4010 1748 4066 prae-

115 4069 207 4120 menta
226 4061 340 4117 deverare
355 4062 444 4117 causis
463 4072 550 4119 morte
568 4062 644 4119 solita
665 4064 725 4119 ritae
744 4062 905 4121 snaetermi·
1008 4065 1452 4137 entibnsconiungirronralnrent;
1466 4066 1556 4125 israeli
1570 4074 1750 4123 veronostem

116 4146 181 4187 nuru
199 4139 343 4202 peraguntr
360 4134 448 4203 pulvis
463 4148 570 4204 quoque
586 4133 758 4193 conturbatus
779 4132 814 4195 tle
836 4142 907 4195 terra
958 4136 1045 4209 ipsam
1059 4136 1241 4203 illuminabat,
1259 4143 1288 4195 ut
1324 4136 1436 4201 rolrrnria
1450 4138 1532 4195 maris
1551 4137 1637 4194 lucida
1650 4136 1748 4193 riain-

115 4203 907 4333 emersamldtlsmntleieaiert
958 4206 1422 4341 “idi‘lliss'l‘il'ilnllfflllr
1438 4206 1750 4337 egegsusnrnuegg

114 4351 166 4397 rat.
190 4342 301 4399 Grande
320 4344 402 4429 etiarn
427 4352 456 4400 et
474 4291 576 4427 ιιῇυψιι
598 4344 633 4403 de
653 4290 854 4428 congelantibffs
880 4352 909 4429 et
959 4294 1070 4417 {durum
1088 4295 1282 4415 deselatiseeugr
1296 4318 1377 4416 toin’s,
1395 4294 1453 4406 sine
1466 4278 1749 4407 saeltergofflsioeersal-

114 4412 412 4471 venementerturbanc
426 4414 540 4473 rsrbtbus
555 4423 649 4481 ruunt,
670 4414 908 4475 asabsentralncts
958 4418 1059 4488 dente,
1075 4420 1222 4479 Pbaraouis
1241 4434 1358 4485 munus,
1378 4418 1459 4480 undis
1470 4420 1505 4483 ad
1527 4436 1590 4489 snas
1605 4430 1690 4476 metas
1704 4436 1750 4477 re-

115 4484 255 4539 aculorum
269 4485 395 4567 obtutus,
407 4494 621 4557 quantocumque
635 4485 680 4541 lux
693 4486 819 4554 recessit,
831 4494 907 4569 tene-
959 4490 1136 4573 emendans,
1151 4488 1267 4547 cormidit
1278 4490 1305 4545 in
1319 4488 1407 4559 glarea
1422 4490 1546 4574 prolupdi
1567 4490 1663 4563 (daed.
1680 4505 1723 4545 ιιι
1740 4531 1748 4545 .

114 4552 170 4609 brae
186 4555 248 4625 plue
269 4555 445 4639 praepediunt.
460 4556 532 4613 blora
546 4570 657 4638 'eunoun
675 4556 704 4613 in
722 4556 808 4638 ndens
827 4571 909 4620 semr-
960 4560 990 4629 ln
1004 4562 1119 4626 bonnm
1128 4560 1224 4632 insigni
1240 4560 1268 4616 in
1278 4559 1325 4616 liei
1336 4560 1461 4629 operibns
1471 4565 1610 4631 pinnaculo,
1625 4558 1696 4617 istud

113 4635 176 4680 nata
199 4626 338 4697 prlmuns,
359 4626 485 4688 omnibns
506 4626 568 4685 min
588 4626 646 4697 eins
666 4626 833 4694 demittatur,
859 4642 909 4697 per
959 4630 1087 4715 praesenti
1109 4639 1184 4687 actus
1198 4630 1283 4687 riustri
1302 4628 1450 4691 intentione
1464 4634 1587 4705 exigitur,
1612 4631 1748 4703 quomodo

113 4710 195 4765 quam
209 4704 273 4753 msc
292 4696 449 4769 inmgypto
468 4697 644 4768 primogenita
663 4696 770 4757 suboles
796 4708 908 4757 arrecto·
960 4716 989 4769 tn
1003 4700 1296 4760 siccatoetreeerlente
1314 4700 1347 4758 dc
1367 4701 1502 4774 littoribus
1518 4702 1587 4764 mari
1601 4703 1667 4762 ratio
1681 4716 1749 4759 con·

112 4778 174 4821 runa
200 4768 305 4825 aretina
321 4768 471 4825 ιιιιιιιιιι.
488 4768 541 4825 Sed
577 4769 678 4825 uamris
702 4768 761 4833 bne
781 4768 908 4832 nmuiain
960 4768 1403 4842 speramnsmlpsumnontam
1426 4772 1747 4843 diiiinrdter,1ieoanxi·

111 4848 213 4920 ιιιιιιιιΙ
225 4838 329 4895 naturis
347 4838 427 4895 insita
445 4849 538 4903 ermae,
556 4910 561 4920 Ι
594 4840 692 4910 gyptiis
710 4848 799 4902 tamon
814 4840 909 4910 maruli
960 4842 1053 4910 liante,
1066 4858 1117 4899 nos
1128 4841 1411 4912 mvenirecredimns,
1425 4846 1470 4918 qui
1484 4844 1684 4915 congelantibus
1698 4859 1749 4899 nn-

113 4906 284 4989 condinone,
308 4908 343 4965 ad
364 4924 456 4992 ιιιιιιι
469 4908 606 4981 parlidrnrn
626 4911 862 4979 conpescendam,
881 4918 910 4969 et
961 4915 1005 4981 dic
1019 4922 1173 4984 stagnorum
1198 4912 1279 4970 dorsa
1300 4914 1386 4985 glacie
1413 4922 1577 4987 superstrata
1601 4914 1751 4991 saepissime

114 4978 222 5044 subito,
245 4988 274 5035 et
287 4978 347 5050 plus
360 4981 439 5037 solito
452 4982 616 5039 aneidemnt.
631 4980 748 5049 Qunam
761 4981 829 5039 ordo
849 4980 909 5052 pla·
961 4984 1173 5046 consideamus.
1188 4982 1266 5053 Quod
1286 5000 1350 5055 ergo
1367 4986 1439 5047 renti
1464 4993 1492 5042 et
1511 4984 1659 5055 pluviarum
1677 4984 1751 5042 desi·

112 5063 209 5131 garum
222 5050 293 5134 sicut
314 5052 342 5107 in
355 5050 503 5107 differentia
515 5067 619 5134 rerum,
634 5052 672 5110 ita
685 5062 713 5109 et
725 5051 908 5111 ministrorum
961 5064 1043 5139 pente
1057 5054 1164 5139 turbine
1182 5055 1254 5113 aeris
1265 5054 1407 5139 inferiores
1419 5064 1507 5140 partes
1521 5054 1583 5183 gelu
1594 5056 1750 5141 obtinente,

113 5128 209 5175 erent.
232 5120 329 5177 Primae
347 5136 463 5195 mque
481 5138 515 5178 ex
533 5124 657 5181 nnmrbus
680 5134 736 5181 tres
755 5122 911 5205 piagmtper
961 5143 990 5189 m
1002 5143 1079 5198 agnas
1092 5142 1164 5198 sepe
1171 5126 1327 5195 naturaliter
1338 5125 1461 5189 eflicitur,
1475 5126 1521 5183 illu
1547 5126 1665 5183 tuncber
1673 5142 1752 5198 jussu

115 5189 208 5247 Aaron
240 5191 402 5275 eliciuntur.
435 5193 486 5261 Qtri
518 5192 605 5263 prisrn
636 5209 698 5251 cunr
732 5201 910 5265 percussisset
962 5213 1012 5271 per
1031 5198 1167 5269 glacialem
1183 5207 1292 5256 rentum
1311 5196 1399 5255 subito
1417 5196 1579 5271 argenteio)
1596 5198 1690 5269 pelago
1709 5198 1752 5254 ia-

113 5274 227 5344 aouarn,
241 5278 269 5317 ιι
282 5264 439 5334 sanguinum
453 5265 543 5347 etnim
557 5265 909 5334 reminiscentiam
961 5268 1127 5330 enituisse
1137 5268 1336 5339 comprobatur.
1350 5266 1481 5351 Sedsicut
1492 5276 1603 5341 repente
1615 5284 1689 5325 mare
1700 5270 1752 5327 sic·

112 5332 910 5465 *edeltalmllesmmildndltm
961 5336 1754 5475 limil⁰³ffll⁰iieldilaadmlil·iiit

114 5416 221 5556 Qun
245 5422 327 5547 aupepr
347 5476 484 5547 pulverem
500 5446 601 5543 'terram
623 5477 757 5561 sciniphes
779 5454 910 5537 ebulliunt
962 5428 1072 5547 afflasse
1096 5429 1418 5563 serenillirltlsquotidiana
1431 5428 1752 5555 aornirdstratirfrielf’bn

112 5542 559 5669 gibiddlltrrndi-lilaetpcr
577 5549 666 5605 baron
685 5560 742 5605 isne
757 5549 910 5632 bassiare
962 5562 1026 5636 ante
1038 5554 1225 5638 prediximus,
1245 5566 1307 5635 quia
1330 5567 1378 5627 per
1395 5550 1497 5612 brenni
1520 5551 1602 5623 maris
1628 5561 1753 5645 aestmrh

136 5625 195 5697 unt.
209 5618 243 5673 lit
257 5618 554 5746 “itmsslomssbaclife
567 5619 847 5751 pfflsstraebtglnnffiffl
859 5633 910 5749 ιιιιθι-
963 5626 1143 5685 rndesrnenter
1156 5626 1215 5683 bert
1233 5622 1325 5684 radere
1345 5624 1473 5704 misenus,
1488 5622 1530 5687 Ex
1550 5647 1605 5707 quo
1627 5630 1755 5711 codrgera

111 5696 364 5826 ‚fffflug'mff
375 5705 568 5831 iumelrttorum’
580 5761 760 5831 ιιιιιιιριιιιιι.
783 5762 818 5820 At
842 5778 908 5819 vero

110 5830 246 5893 ueram
261 5844 318 5893 uta
328 5844 454 5895 mene
464 5832 648 5893 tantummdo
665 5834 846 5907 imperantur,
857 5832 906 5895 sed
992 5841 1031 5906 (ui
1047 5849 1125 5903 rom,
1136 5848 1238 5911 eunte.
