4000 6359
141 317 211 380 l'iss

143 449 154 486 r
170 431 245 499 Quos
264 439 354 486 ειιιειιι
365 430 517 502 praescivit,
532 440 559 490 et
570 433 770 506 prouernnartr
781 437 932 496 conformes

139 523 197 576 lieri
209 520 334 594 imaginis
343 521 402 578 iiiiii
414 524 467 588 sui,
475 533 503 580 ut
512 525 546 580 sit
556 526 613 596 ipse
624 528 815 599 primogenitus
824 530 852 584 in
862 530 932 586 mut·

138 611 172 666 tis
187 610 325 668 iratribus.
339 614 411 682 Quos
420 623 510 670 actem
525 616 739 686 pradestinavit,
755 620 828 692 ipsos
840 630 869 676 et
881 637 930 676 vo·

137 702 227 767 eavit;
251 710 279 758 et
300 717 368 773 equos
389 705 508 770 romeis,
532 706 605 776 ipsos
624 717 651 762 et
669 707 842 778 justiiiearit;
863 725 931 782 quos

136 801 226 848 autem
244 791 419 863 justificavit,
439 796 511 866 ipsos
529 806 558 851 et
568 796 741 868 gioriilearit.
755 799 784 855 Si
799 800 868 856 Deus
880 816 930 872 pro

137 884 229 949 nobis,
254 883 315 954 quis
335 894 427 938 eontra
448 884 519 940 nosl
537 885 613 942 Adde
630 885 717 943 adbuc
731 906 737 942 :
751 887 801 957 Qui
823 891 930 960 proprio

135 974 203 1030 rriin
217 990 268 1030 sno
281 989 334 1030 non
346 977 487 1047 pepercit,
500 975 547 1032 scd
560 979 695 1048 pronubis
710 981 835 1037 omnibus
847 983 929 1038 tradi·

134 1065 172 1120 dit
184 1080 264 1133 earn,
277 1063 411 1136 quomodo
423 1080 477 1120 non
492 1075 588 1122 etcum
600 1067 646 1121 ilio
656 1068 744 1124 omnia
757 1070 834 1126 uobis
846 1069 929 1126 riona·

134 1155 192 1209 riri
210 1154 288 1214 »Sed
309 1155 407 1226 qulbus
427 1155 525 1213 uobisi
544 1157 693 1228 Praeseitis,
714 1161 926 1232 predestivratis,

133 1245 301 1316 jerstillcatis,
314 1246 469 1318 gioriiieatis
483 1266 489 1303 ι
504 1246 647 1320 dequibus
661 1251 797 1320 sequitur,
811 1251 873 1320 Quis
884 1269 929 1309 oe·

134 1337 229 1391 cambit
241 1336 361 1392 εεεειιιιε
373 1337 464 1394 eiectos
475 1336 524 1393 bet
537 1337 625 1412 (Rene.
639 1356 702 1407 rur,
717 1341 834 1416 2933ss
848 1342 929 1400 Novit

134 1443 196 1498 ergo
207 1425 382 1500 Dondreeqrri
390 1439 450 1484 rent
459 1429 514 1501 pire
524 1448 534 1498 ,·
546 1432 610 1501 iprae
621 1441 683 1490 sunt
691 1447 766 1490 ovea.
779 1435 927 1509 Aliquando

133 1532 163 1573 se
185 1519 252 1588 ipsm
276 1519 413 1586 ιιεεείιιιιι,
436 1520 484 1576 seri
505 1531 598 1591 pastor
616 1523 934 1596 contremescentem

134 1609 209 1664 istam
233 1608 510 1678 praedestinationem,
533 1611 680 1667 meandum
700 1613 777 1669 istam
799 1615 846 1670 liei
859 1631 927 1687 prae-

133 1699 286 1764 scientiam,
300 1700 446 1755 seeundum
459 1701 617 1758 electionem
632 1704 720 1759 orium
731 1747 738 1769 ,
750 1714 812 1761 ante
825 1707 927 1761 eonsti-

133 1789 260 1844 tutionem
280 1789 372 1844 mundi
392 1807 400 1844 a
422 1805 482 1845 uam
501 1801 529 1848 et
542 1791 593 1848 lroc
605 1791 670 1848 dicit
683 1791 843 1864 Apostolus,
855 1795 927 1851 Sicut

132 1883 205 1952 elegii
223 1897 271 1937 nor
287 1881 381 1950 inipso
394 1893 452 1938 onte
464 1885 664 1939 maetitvtiorrern
676 1887 766 1940 urendi
778 1875 886 1961 (Epicu.
898 1905 924 1954 t,

134 1975 172 2046 l).
187 1973 342 2030 Securrdum
357 1972 434 2028 istam
446 1989 511 2044 ergo
523 1977 715 2045 prescientiam
728 1979 774 2034 liei
788 1989 816 2036 et
825 1982 927 2052 praede-

132 2065 321 2132 sonartonern,
345 2079 424 2135 quam
445 2066 537 2121 multae
559 2080 624 2122 ores
644 2065 725 2133 ioris,
749 2085 829 2141 quarn
850 2071 926 2128 multi

131 2157 184 2229 lupi
198 2157 292 2223 intus;
307 2164 335 2212 et
346 2172 425 2227 quarn
441 2157 531 2212 mulia
545 2172 609 2215 ores
624 2159 707 2228 intus,
720 2171 748 2216 ει
760 2177 839 2232 quarn
850 2163 925 2218 multi

130 2249 184 2321 lupi
204 2249 286 2305 iorisi
300 2249 369 2318 Quid
382 2249 505 2321 estquod
518 2250 591 2316 dixi,
608 2267 687 2322 quam
704 2255 793 2309 multae
807 2269 872 2310 ores
884 2255 925 2310 io·

131 2341 187 2396 risi
207 2339 295 2409 Quam
318 2341 393 2396 multi
416 2341 496 2396 modo
518 2342 706 2410 luxuriantur,
729 2344 796 2400 casti
819 2345 924 2414 luiurl;

130 2447 208 2504 quarn
222 2431 299 2486 multi
312 2430 497 2502 blasphemant
511 2431 657 2500 Christum,
666 2434 790 2490 credituri
805 2437 830 2490 in
845 2435 924 2492 Cirri-

130 2532 221 2590 stunr;
239 2536 320 2591 quam
339 2521 415 2576 multi
426 2537 456 2578 se
470 2521 617 2590 inebriant,
633 2522 714 2580 iuturi
726 2524 829 2592 sobrii;
844 2541 924 2596 quam

130 2613 204 2667 multi
225 2614 335 2682 rapiunt
354 2627 398 2669 res
419 2612 535 2680 alienas,
556 2614 680 2672 donaturi
697 2617 775 2672 suasi
791 2628 925 2674 verumta-

130 2717 190 2757 meu
210 2702 293 2758 modo
313 2717 405 2758 rocem
423 2703 538 2759 alienam
557 2704 684 2772 audiunt,
695 2706 796 2762 alienos
808 2721 924 2778 sequun-

130 2804 180 2850 tur.
201 2795 269 2850 item
283 2811 362 2866 qunm
377 2795 453 2850 multi
468 2796 539 2851 intus
553 2796 680 2862 laudant,
695 2797 901 2868 blasphematuri
915 2817 923 2867 ;

129 2888 191 2942 casti
211 2895 295 2952 sunt,
319 2885 496 2951 iurnieaturi;
517 2887 600 2944 sobrii
620 2895 697 2956 suni,
716 2903 746 2944 εε
759 2890 821 2943 rino
833 2900 924 2960 postea

129 2979 255 3048 sepulturi
268 2994 277 3045 ;
293 2984 382 3043 scint,
394 2978 502 3033 casuri!
518 2993 570 3033 non
585 2987 734 3034 suctores.
750 2977 761 3053 (
773 2980 810 3034 [lc
822 2981 927 3052 prmde2

128 3069 232 3123 stinatis
253 3067 326 3123 enirn
346 3067 500 3138 inquimur3
522 3066 556 3122 de
572 3066 612 3122 bis
626 3067 758 3138 loquimur
772 3084 839 3138 quos
853 3070 926 3126 novit

127 3158 275 3226 bominus,
290 3158 407 3228 quisunt
417 3154 496 3230 ejrrs.)
509 3157 543 3213 Ει
554 3167 641 3214 tamen
654 3158 703 3227 ipsi
713 3158 838 3229 quamdiu
851 3160 927 3216 recte

127 3253 252 3322 sapiunt,
276 3249 376 3304 Christi
397 3263 489 3302 rocem
509 3249 631 3303 audiunt.
648 3249 718 3304 Ecce
733 3249 844 3305 audiunt
857 3251 924 3321 ipsi,

128 3360 178 3398 non
200 3341 316 3396 arrdinnt
335 3340 373 3394 iiii
396 3357 403 3394 :
425 3347 453 3395 et
474 3348 563 3395 tamen
584 3339 729 3396 seeundum
750 3341 926 3414 praedestina-

130 3437 228 3488 tionem
243 3445 298 3486 non
310 3445 375 3486 oves
390 3430 451 3496 isti,
467 3443 532 3484 oves
546 3429 594 3485 iiii.

163 3523 208 3578 li.
233 3521 330 3577 Adbuc
343 3527 432 3573 manet
444 3519 574 3590 qrrrcstio,
588 3535 647 3590 quae
660 3519 726 3576 mibi
738 3521 845 3576 interim
857 3538 928 3580 nune

130 3615 233 3668 ridetur
244 3612 281 3665 ita
297 3625 374 3681 posse
383 3608 503 3664 dissolri.
514 3609 562 3664 Est
573 3611 659 3680 aliqua
669 3625 732 3675 vox,
743 3621 794 3679 est,
808 3613 926 3684 inquam,

130 3721 177 3759 ros
188 3703 278 3774 aliqua
293 3701 421 3771 pastoris,
437 3700 464 3754 in
478 3715 530 3771 qua
542 3715 606 3754 ores
617 3715 669 3754 non
685 3701 798 3756 audiunt
808 3702 927 3770 alienos,

133 3796 158 3850 in
175 3812 227 3867 qua
248 3810 302 3848 non
316 3808 380 3848 ores
394 3808 447 3848 non
460 3791 571 3847 audiunt
585 3791 729 3848 Cbristunr.
745 3794 809 3860 Qum
821 3806 863 3851 est
877 3797 927 3852 ista

132 3887 198 3940 vox!
219 3884 271 3949 ont
285 3881 476 3955 maromooerit
491 3898 568 3951 usqae
582 3881 608 3934 ira
621 3881 714 3950 fierem,
728 3881 769 3936 iic
780 3883 865 3940 colom
877 3887 928 3941 erit

134 3977 239 4046 (batti.
260 3993 293 4042 x,
314 3973 372 4048 22).
394 3975 467 4030 ilaue
486 3990 576 4030 rocem
598 3991 651 4030 non
667 3977 774 4047 rregligii
788 3980 926 4048 proprius,

134 4086 183 4124 non
205 4069 281 4124 auriit
301 4068 405 4123 alienus
428 4086 435 4122 :
458 4081 519 4121 narn
541 4077 568 4121 et
582 4065 626 4122 ilie
641 4066 693 4121 lroc
705 4068 729 4122 ei
745 4068 886 4137 predicar,
900 4078 929 4126 ut

134 4167 289 4234 perseveret
301 4158 370 4228 apud
384 4160 470 4228 ipsum
486 4159 608 4230 usquein
621 4159 719 4225 linem,
734 4157 781 4214 sed
794 4175 847 4216 nou
858 4159 927 4230 apud

135 4266 191 4307 eum
210 4247 411 4322 perseverando
432 4263 486 4302 non
505 4248 579 4302 arrdit
599 4247 667 4304 banc
686 4265 790 4304 vocem.
804 4250 927 4307 Venitad

134 4341 286 4404 Christum,
298 4339 400 4394 audivit
411 4339 463 4392 aiio
477 4348 504 4394 et
512 4339 564 4392 alia
576 4339 666 4404 rerba,
679 4339 724 4394 illa
737 4347 764 4393 et
773 4339 826 4404 illa,
839 4343 927 4396 omnia

135 4446 214 4498 nera,
238 4444 305 4486 sana
318 4428 408 4483 omnia
423 4447 431 4484 ι
448 4429 588 4498 interque
600 4427 689 4482 omnia
704 4437 747 4484 cst
759 4437 788 4484 ct
799 4429 843 4484 iiia
858 4445 926 4497 vox,

137 4519 183 4586 Qei
197 4519 392 4592 perseveraverit
403 4534 480 4589 arque
493 4519 520 4572 in
534 4517 768 4590 preordinatum
779 4519 835 4574 erit.
848 4517 928 4574 istam

136 4615 176 4684 qui
191 4611 325 4677 audierit,
340 4609 398 4665 oris
410 4619 461 4664 est.
474 4609 527 4665 Sed
538 4607 663 4663 audiebat
675 4609 746 4664 iiiam
758 4610 848 4664 nescio
857 4610 926 4679 quis,

137 4715 162 4759 et
178 4703 314 4773 desipuit,
336 4700 476 4772 refriguit,
489 4700 589 4755 audivit
601 4699 715 4755 alienam
730 4699 774 4754 :si
790 4697 927 4769 praedesti-

137 4803 210 4849 natus
223 4803 285 4857 est,
299 4791 332 4846 ad
347 4799 452 4861 ternpus
464 4792 571 4854 erravit,
585 4791 614 4845 io
625 4799 754 4845 {eternum
769 4805 821 4844 non
832 4791 927 4860 periit;

138 4885 202 4939 redit
218 4894 249 4939 ut
262 4882 354 4937 audiat
366 4881 436 4952 qnod
450 4881 583 4950 neglexit,
598 4878 678 4934 iaciat
691 4880 761 4950 quod
775 4880 884 4935 audivit.
898 4879 927 4936 Sl

135 4976 203 5030 enim
224 4974 260 5030 de
279 4973 322 5028 bis
341 4977 448 5042 estqui
471 4970 651 5042 praedestinati
670 4980 748 5037 sunt,
770 4983 797 5026 ει
809 4985 927 5028 errorem

136 5067 215 5135 ipsius
236 5067 308 5120 Deras
330 5064 479 5133 prescivit,
500 5073 528 5118 et
541 5063 742 5119 conversionem
759 5061 871 5118 iuturam
884 5079 891 5127 ;
905 5062 928 5118 sl

136 5156 286 5219 aberravit,
303 5153 372 5208 redit
384 5161 413 5206 ut
424 5151 514 5207 audiat
524 5151 593 5207 iliarn
603 5167 696 5206 vocem
711 5151 834 5221 pastoris,
847 5159 874 5206 et
883 5167 928 5207 se·

136 5257 231 5315 quatur
249 5246 402 5309 dicentem,
425 5243 475 5308 Qsi
493 5241 685 5313 pomoerooerit
703 5257 782 5311 usque
794 5242 821 5296 in
833 5241 927 5309 finem,

138 5337 175 5390 la'e
193 5337 279 5392 minus
299 5334 357 5388 erit.
379 5333 451 5388 iterra
471 5348 538 5398 voa,
551 5331 664 5398 iratres,
678 5346 758 5396 vera,
771 5331 927 5402 pastoralis,

138 5427 192 5494 'riusa
215 5435 257 5482 est
278 5441 331 5480 uox
353 5423 447 5480 salutis
468 5425 494 5479 in
508 5423 686 5480 tabernaculis
696 5422 830 5492 justorum
842 5421 927 5494 (Prot.

138 5530 219 5584 varst,
234 5515 293 5590 li).
307 5514 375 5572 Nam
390 5514 467 5571 laeiie
479 5525 521 5571 est
533 5514 626 5569 audire
635 5511 771 5570 Christum
780 5552 789 5581 ,
799 5509 879 5570 laciie
889 5523 930 5570 est

139 5602 246 5664 laudare
266 5610 456 5683 Braageiinm,
479 5607 560 5667 iaciie
578 5610 725 5667 acclamare
743 5609 900 5681 disputatori
920 5627 928 5665 ι

139 5715 310 5771 perscrerare
321 5715 404 5774 usque
416 5699 443 5756 ia
457 5698 537 5758 linem
544 5740 555 5770 ,
567 5699 618 5759 boe
629 5707 670 5758 est
679 5698 769 5756 ovium
780 5713 870 5757 vocem
883 5713 930 5772 pa·

680 325 883 386 coactatus
901 329 979 388 XLV.
997 329 1112 394 CAPUT
1130 335 1166 394 L

983 443 1064 499 storis
1084 444 1258 504 audientium.
1273 449 1395 518 'reptatio
1408 455 1521 524 accidit,
1535 471 1674 530 persevera
1688 479 1773 536 usquo

984 531 1011 586 in
1023 533 1102 590 linem
1114 553 1121 590 ι
1132 537 1193 607 quia
1204 541 1313 596 tentatio
1322 558 1375 598 uou
1387 557 1536 612 perseverat
1546 551 1659 620 usquein
1670 553 1773 612 linem¹.

983 621 1073 696 Usque
1092 626 1117 681 iu
1137 643 1215 700 quern
1231 629 1309 688 dnenr
1322 637 1527 706 perseverabis?
1542 641 1684 714 Quousque
1698 644 1776 702 linias

982 717 1063 774 viam.
1076 718 1206 788 Quamdiu
1216 725 1286 780 enim
1300 740 1353 782 non
1366 727 1441 784 audis
1451 729 1595 802 Christum,
1607 733 1775 795 adversarius

982 815 1043 863 tuus
1064 818 1106 864 est
1124 809 1150 865 in
1164 811 1212 866 isia
1228 815 1285 880 via,
1300 815 1350 871 boc
1363 827 1404 873 est
1417 819 1444 874 in
1458 823 1507 874 ista
1522 823 1628 878 mortali
1642 827 1696 880 vita
1721 827 1775 884 Sed

981 897 1044 967 quid
1065 898 1150 955 dictat
1175 899 1305 958 Concordo
1315 922 1373 959 rum
1385 908 1528 964 adversario
1542 921 1585 966 tuo
1598 913 1662 980 cito,
1677 913 1737 970 dem
1749 933 1775 971 ee

980 1005 1038 1044 cunr
1050 1007 1078 1045 eo
1092 991 1119 1045 in
1130 992 1171 1046 cin
1183 992 1288 1065 (llottir.
1303 1013 1339 1065 r,
1351 997 1408 1070 25).
1423 999 1543 1067 Audisti,
1554 1004 1699 1070 credidisti,
1710 1021 1775 1062 cou-

979 1081 1107 1138 oordasti.
1121 1081 1149 1140 Si
1161 1083 1354 1157 adversabaris,
1366 1091 1508 1147 concorda.
1521 1091 1549 1149 Si
1564 1095 1612 1150 tibi
1624 1098 1772 1165 praestitum

979 1183 1022 1231 est
1035 1177 1214 1248 concordare,
1236 1182 1291 1238 noli
1313 1184 1424 1242 ulterius
1442 1187 1555 1259 litigare.
1577 1190 1688 1260 Quando
1701 1194 1773 1250 enim

980 1263 1087 1322 liniatur
1106 1269 1147 1324 via
1165 1271 1270 1338 nescis,
1284 1273 1331 1328 scd
1344 1282 1431 1330 tamen
1446 1277 1497 1333 seit
1511 1278 1565 1335 iiie.
1578 1277 1607 1336 si
1620 1281 1677 1336 ovis
1689 1296 1729 1350 es,
1744 1292 1773 1338 et

979 1353 1002 1410 si
1017 1359 1227 1426 perseveraveris
1241 1376 1325 1433 usquo
1339 1363 1365 1418 in
1380 1363 1475 1431 iirvem,
1490 1367 1578 1423 salvus
1590 1369 1642 1425 eris
1656 1387 1664 1424 ι
1679 1385 1711 1426 ac
1724 1386 1774 1442 per

978 1443 1031 1500 boc
1049 1445 1126 1502 istam
1144 1462 1236 1502 rocem
1256 1465 1308 1505 norr
1329 1460 1501 1508 contemnunt
1519 1455 1578 1522 sui,
1596 1471 1649 1512 non
1662 1456 1773 1514 audiunt

978 1533 1070 1589 alieni.
1091 1535 1125 1592 Ut
1145 1537 1234 1607 potui,
1246 1548 1275 1594 ut
1287 1540 1343 1610 ipse
1352 1538 1476 1611 donarit,
1491 1543 1647 1613 profundam
1661 1547 1771 1602 multum

979 1625 1153 1694 questionem
1163 1636 1208 1683 aut
1219 1631 1328 1698 exposui
1341 1631 1415 1686 vobis
1427 1673 1434 1697 ,
1448 1643 1494 1688 aut
1503 1635 1612 1690 tractari
1622 1637 1770 1693 vobiscum.

979 1710 1009 1770 Si
1033 1717 1078 1787 qui
1097 1717 1185 1774 minus
1198 1719 1404 1788 intellexerunt,
1419 1732 1524 1778 maneat
1536 1723 1638 1794 pietas,
1653 1734 1680 1781 et
1693 1741 1771 1782 rere-

978 1805 1076 1862 labitur
1094 1809 1192 1865 veritas
1208 1828 1214 1864 :
1231 1811 1275 1882 qui
1289 1822 1377 1868 autem
1393 1813 1599 1882 intellexerunt,
1615 1832 1666 1870 non
1679 1832 1709 1872 se
1722 1831 1771 1872 ex·

979 1897 1072 1952 tollant
1081 1899 1155 1968 quasi
1165 1899 1308 1957 celeriores
1320 1916 1401 1974 super
1414 1903 1559 1972 tardiores,
1573 1920 1607 1960 ne
1619 1905 1771 1964 extollendo

977 2001 1008 2044 se
1017 1989 1183 2056 exorbitent,
1195 1999 1223 2047 et
1237 1991 1337 2048 lucilius
1350 1995 1505 2063 perueniant
1517 1995 1656 2051 tardiores.
1670 1995 1779 2053 ΟιιιιιεεΙ

977 2088 1066 2136 autem
1084 2079 1210 2151 perducat
1222 2081 1264 2136 cui
1278 2083 1390 2138 dicimus
1406 2100 1414 2136 z
1431 2082 1518 2138 Reduc
1530 2101 1587 2148 me,
1603 2085 1726 2152 Dracina,
1740 2087 1767 2140 in

976 2169 1019 2223 oio
1035 2178 1094 2234 tuo,
1112 2177 1135 2224 et
1147 2169 1280 2225 rrnluiubo
1291 2173 1317 2225 in
1328 2173 1431 2226 scritate
1441 2181 1485 2226 ιιιε
1498 2171 1582 2244 (reu.
1594 2189 1698 2242 cxxxv,
1710 2173 1767 2246 it).
1838 2191 1843 2202 ¹

1013 2261 1058 2316 ii.
1069 2259 1120 2316 Per
1132 2260 1183 2316 boc
1197 2277 1260 2333 ergo
1269 2264 1338 2334 quod
1350 2264 1472 2334 esposuit
1484 2263 1627 2333 Dominus,
1641 2265 1701 2336 quia
1712 2265 1769 2337 ipse

976 2360 1018 2408 est
1031 2352 1145 2418 ostium,
1158 2351 1286 2408 intremus
1298 2351 1332 2408 ad
1344 2368 1374 2408 ea
1385 2369 1444 2424 qum
1457 2355 1592 2425 proposuit
1604 2397 1612 2422 ,
1624 2371 1674 2410 nee
1683 2369 1768 2426 erpu-

977 2445 1040 2498 suit.
1053 2443 1085 2498 iit
1098 2453 1189 2513 pastor
1198 2443 1305 2514 quidem
1315 2444 1437 2514 quisnam
1448 2447 1492 2514 sit,
1504 2447 1623 2517 quamvis
1634 2461 1685 2500 non
1696 2446 1769 2504 dirc-

975 2533 1013 2590 rit
1023 2533 1049 2589 in
1063 2533 1113 2590 ista
1122 2535 1236 2590 lectione
1246 2550 1305 2605 quae
1316 2534 1395 2590 bodie
1405 2537 1514 2592 rccimta
1526 2545 1583 2603 est,
1597 2547 1685 2592 tannen
1699 2537 1725 2592 ln
1735 2551 1768 2594 ca

976 2641 1037 2697 quae
1050 2627 1170 2697 sequitur
1181 2627 1349 2697 apertissime
1361 2627 1439 2683 dicit:
1451 2627 1573 2700 Egeram
1583 2628 1767 2700 punctiones.

976 2714 1053 2782 Quod
1074 2715 1124 2774 etsi
1138 2731 1191 2770 non
1204 2717 1321 2784 diceret,
1335 2731 1415 2789 quem
1428 2717 1509 2772 aliurn
1522 2727 1618 2787 praeter
1631 2719 1715 2788 ipsunr
1728 2717 1769 2774 in·

975 2805 1095 2876 teiligere
1111 2805 1269 2862 deberemus
1288 2807 1315 2861 in
1333 2807 1373 2861 eis
1389 2806 1494 2873 verbis,
1508 2807 1551 2862 ubi
1565 2806 1617 2860 ait:
1634 2825 1643 2858 ι
1659 2806 1710 2874 Qui
1724 2805 1767 2860 in·

976 2901 1030 2950 trat
1043 2909 1091 2966 per
1100 2896 1212 2960 ostium,
1226 2905 1317 2967 pastor
1327 2905 1369 2951 est
1381 2895 1480 2950 ovium.
1492 2895 1558 2951 liuic
1567 2896 1690 2950 ostiarius
1701 2909 1769 2966 spe·

976 2983 1031 3040 rit:
1045 2993 1072 3040 ει
1080 2999 1144 3040 oves
1154 2999 1245 3041 rocem
1256 2985 1314 3056 ejus
1326 2985 1436 3041 audiunt
1447 3001 1455 3052 ;
1470 2993 1499 3042 et
1512 2985 1633 3056 proprias
1646 2997 1710 3040 oves
1720 2999 1769 3042 ro·

976 3082 1021 3129 cat
1039 3073 1210 3142 nominatim,
1230 3083 1258 3132 et
1279 3076 1367 3132 educit
1382 3089 1439 3131 eas.
1457 3075 1561 3130 Etcum
1574 3073 1693 3145 proprias
1704 3089 1768 3131 oves

977 3165 1110 3232 emiserit,
1124 3173 1186 3221 ante
1196 3180 1242 3221 eas
1252 3166 1341 3221 vadit:
1356 3175 1384 3222 et
1395 3181 1459 3222 oves
1470 3181 1531 3222 eum
1541 3174 1697 3236 sequuntur,
1708 3167 1769 3236 quia

978 3256 1066 3311 sciunt
1076 3270 1168 3312 rorem
1182 3256 1261 3326 eiust
1272 3255 1355 3325 »Quis
1367 3258 1437 3312 enini
1451 3257 1589 3313 siiusores
1599 3259 1771 3330 propriasro-

978 3355 1023 3402 cat
1035 3347 1206 3410 nominatim,
1220 3355 1246 3401 et
1255 3346 1343 3404 educit
1356 3361 1402 3402 eas
1415 3346 1477 3402 bine
1489 3346 1613 3402 advitam
1624 3355 1767 3413 eternam,
1810 3379 1815 3389 -

978 3437 1031 3493 uisi
1050 3437 1095 3508 qui
1109 3437 1181 3494 norit
1194 3439 1300 3494 nomina
1313 3439 1560 3509 predestinatorum
1570 3437 1583 3493 i
1595 3438 1671 3496 Unde
1682 3440 1719 3494 ait
1730 3439 1772 3494 di·

979 3526 1088 3595 scipulis
1099 3525 1165 3594 suis,
1176 3523 1354 3597 Goedctequio
1368 3529 1470 3581 nonsino
1480 3537 1561 3582 aratro
1571 3528 1664 3598 scripto
1676 3537 1735 3584 runi
1743 3529 1774 3583 ire

979 3615 1042 3671 creir
1063 3615 1141 3687 (brie.
1157 3633 1193 3684 x,
1212 3615 1259 3690 2⁰)
1272 3635 1280 3671 ι
1301 3617 1362 3672 irinc
1373 3620 1444 3673 enim
1457 3625 1534 3673 vocat
1546 3633 1591 3673 eas
1603 3619 1770 3673 nontrnrtn.

980 3703 1016 3760 Et
1034 3706 1094 3775 quis
1112 3703 1180 3760 alius
1198 3721 1244 3760 eas
1257 3705 1371 3768 enrittit,
1385 3707 1435 3760 nisi
1447 3706 1492 3776 qui
1505 3720 1596 3762 earum
1609 3717 1717 3776 peccem
1729 3707 1773 3761 ui-

980 3795 1081 3862 mittit,
1102 3805 1129 3850 ut
1147 3811 1208 3851 ειιιιι
1221 3797 1295 3867 sequi
1308 3795 1383 3851 duris
1395 3797 1512 3852 liberate
1526 3797 1637 3852 vinculis
1648 3797 1768 3867 possintl

980 3883 1016 3940 Ei
1036 3885 1095 3955 quis
1114 3899 1160 3941 eas
1181 3886 1386 3956 praecessitque
1409 3899 1469 3942 eurn
1489 3895 1647 3957 sequantur,
1661 3885 1711 3942 uisi
1723 3889 1770 3956 qul

979 3987 1092 4047 surgens
1106 3991 1120 4030 a
1134 3978 1246 4032 mortuis
1258 3977 1312 4044 jam
1326 3991 1377 4032 non
1388 3977 1518 4045 moritur,
1534 3987 1561 4033 ct
1574 3993 1646 4034 rnors
1655 3977 1679 4032 ei
1701 3977 1769 4031 ultra

979 4079 1034 4121 pou
1045 4065 1223 4120 dominabitur
1236 4063 1324 4134 (uon.
1336 4081 1373 4130 rr,
1384 4063 1413 4137 9)
1427 4083 1434 4122 :
1448 4075 1475 4120 ει
1487 4081 1548 4122 ειιιιι
1561 4065 1604 4120 iric
1613 4064 1771 4134 conspicuus

979 4164 1051 4212 esset
1071 4156 1098 4211 in
1120 4171 1201 4212 carne
1219 4157 1272 4223 ait,
1288 4173 1300 4208 r
1318 4157 1412 4223 Pater,
1426 4171 1493 4227 quos
1505 4156 1600 4212 dedisti
1613 4156 1696 4221 milri,
1709 4157 1773 4211 volo

980 4257 1009 4304 ut
1022 4248 1065 4304 ubi
1078 4263 1128 4319 ego
1141 4263 1213 4316 suns,
1224 4257 1251 4304 et
1264 4249 1312 4318 ipsi
1326 4249 1380 4306 sint
1391 4265 1493 4305 mecum
1509 4247 1607 4320 »iicon
1621 4265 1674 4305 aru
1684 4289 1692 4313 ,
1702 4247 1772 4318 iiii
1803 4300 1805 4304 .

979 4337 1056 4396 Unde
1066 4339 1129 4395 rilud
1140 4349 1182 4394 est
1192 4339 1262 4409 quod
1275 4339 1311 4394 ait
1322 4358 1327 4392 :
1340 4359 1350 4392 r
1367 4339 1424 4409 ligo
1436 4356 1494 4396 ειιιιι
1506 4342 1602 4396 ostium
1616 4358 1624 4396 a
1638 4357 1686 4411 per
1697 4327 1791 4396 mesi‘

979 4431 1040 4501 quis
1049 4429 1188 4496 introierit,
1199 4429 1351 4495 rainbirun
1362 4439 1390 4486 ει
1397 4430 1567 4500 ingredietur.
1576 4439 1602 4486 et
1609 4430 1773 4500 egredietur,

979 4530 1008 4576 et
1025 4534 1122 4590 pascua
1145 4520 1271 4576 inveniet.
1288 4537 1299 4572 r
1317 4520 1346 4575 in
1359 4521 1410 4576 troo
1420 4521 1557 4578 evidenter
1568 4521 1701 4588 εειειιιιίι,
1715 4535 1769 4576 non

977 4609 1067 4664 sotum
1082 4617 1232 4678 pastorem,
1254 4609 1396 4664 sedetiam
1410 4625 1474 4666 ores
1486 4611 1587 4666 intrare
1598 4625 1648 4679 per
1661 4609 1768 4664 ostium.

1016 4698 1060 4752 iii.
1082 4697 1135 4752 Sed
1149 4697 1212 4766 quid
1227 4705 1284 4763 est,
1300 4698 1471 4769 ingredietur,
1485 4709 1508 4754 et
1520 4700 1674 4772 egredietur,
1685 4708 1708 4752 et
1721 4715 1769 4768 po·

978 4785 1182 4842 miscerier!
1193 4786 1296 4856 ingredi
1306 4787 1404 4858 quippe
1415 4789 1441 4843 in
1452 4788 1599 4844 Ecclesiam
1613 4803 1660 4856 per
1672 4786 1768 4842 εειιιιιιι

979 4876 1130 4937 ῢιιιειιιιιι.
1141 4875 1219 4932 valdo
1229 4875 1327 4932 bouum
1339 4889 1379 4932 εει
1393 4895 1400 4930 ι
1412 4879 1485 4934 exire
1496 4887 1584 4932 autern
1595 4876 1629 4932 de
1639 4875 1766 4940 Ecclesia,

980 4966 1050 5021 sieut
1060 4965 1099 5020 ait
1108 4965 1159 5022 iste
1172 4965 1228 5036 ipse
1239 4965 1357 5022 loannes
1368 4968 1529 5037 evangeliste
1542 4967 1568 5024 in
1580 4965 1697 5036 Epistola
1709 4979 1768 5029 sua,

979 5056 1024 5112 Ee
1036 5057 1106 5113 solie
1118 5058 1241 5124 eminent,
1253 5059 1298 5114 ted
1310 5069 1437 5114 rmnerent
1447 5076 1478 5114 ea
1489 5060 1559 5114 sotis
1568 5057 1659 5127 (loon.
1672 5073 1699 5122 u,
1711 5054 1768 5128 lii:

980 5161 1035 5202 nou
1047 5155 1090 5202 εει
1101 5147 1192 5216 utique
1203 5148 1312 5204 bonum.
1324 5148 1396 5204 Talis
1409 5163 1472 5218 ergo
1482 5161 1605 5218 egressus
1617 5160 1668 5201 non
1680 5155 1769 5216 posset

980 5254 998 5294 e
1014 5240 1085 5296 bono
1100 5249 1207 5311 psstme
1227 5241 1329 5297 laudari
1341 5259 1348 5306 ;
1362 5251 1391 5296 ut
1407 5241 1549 5306 diceret,et
1561 5239 1730 5310 ingredietur,
1746 5250 1770 5294 et
1831 5263 1835 5272 ·

980 5332 1137 5402 egredimur,
1148 5343 1173 5388 et
1184 5349 1279 5403 ρεεεεε
1289 5334 1406 5387 inrerriet.
1419 5332 1466 5387 Est
1476 5347 1540 5400 ergo
1552 5321 1648 5400 aliquit
1661 5347 1715 5386 uon
1726 5345 1772 5386 so-

981 5421 1037 5476 lum
1047 5420 1192 5492 ingressus,
1204 5437 1295 5476 verum
1305 5424 1384 5478 etiem
1395 5433 1517 5490 egressus
1526 5420 1610 5478 bonus
1618 5435 1665 5490 per
1673 5423 1770 5478 osiirrm

981 5511 1100 5581 bouum
1115 5513 1185 5583 quod
1195 5511 1376 5568 esthristos.
1388 5509 1440 5567 Sed
1450 5510 1509 5581 quis
1519 5523 1561 5568 εει
1572 5513 1621 5568 iste
1631 5511 1772 5568 laudabilis

1013 5648 1022 5682 ¹
1035 5647 1118 5698 ιειιιεε
1128 5645 1257 5704 sententia,
1274 5641 1498 5708 quaterniones
1515 5647 1650 5710 pererrem
1660 5653 1733 5706 arque
1744 5651 1770 5693 ur

980 5706 1063 5776 parnt,
1074 5709 1143 5760 abest
1153 5719 1167 5758 a
1179 5704 1302 5771 plerisque
1312 5712 1365 5758 iias
