4000 6359
248 324 318 413 utta
737 346 1420 419 rnronomsannuemtuu,s.soousr1n
1807 350 1878 409 esst

247 470 294 525 hot
306 464 478 539 qomrretohit
490 462 559 520 licut
567 462 683 519 revelabit
692 460 824 535 (Philipp.
834 479 873 530 ιιι,
886 461 948 535 lh).
960 462 1036 519 Unde
1090 474 1235 535 pateretur,
1250 466 1311 538 quia
1325 466 1473 537 baptizabat
1485 466 1574 539 plures
1585 482 1664 541 quam
1678 465 1794 526 ioannes
1807 485 1814 521 ι
1829 467 1877 524 de-

245 562 290 620 isti
299 562 345 633 qui
354 568 591 631 scscpmarerunt,
605 556 731 613 indociles
740 555 801 611 lacti
811 566 883 611 suut.
894 556 963 625 Quid
972 570 1037 628 erpo
1088 555 1153 612 iude
1165 557 1318 628 adjunctum
1330 568 1382 625 cst,
1398 559 1517 626 Qsmroia
1528 560 1582 631 ipse
1595 575 1646 613 non
1663 559 1820 632 baptizaret,
1833 562 1877 614 sed

247 656 335 713 solent
352 652 462 711 dicere!
475 650 546 708 Ecce
563 658 624 721 post
643 648 772 705 imrrncm
794 646 954 718 baptizatum
974 655 1034 715 est;
1089 646 1209 718 disdpsii
1218 648 1381 722 pulleno.
1395 666 1432 716 rr,
1446 651 1473 719 ι,
1486 648 1531 723 ι).
1547 649 1614 719 lpse,
1628 656 1719 706 etuon
1732 649 1879 721 ipsezipse

245 757 308 824 post
329 746 468 803 hereticos
481 760 535 800 uon
549 742 714 813 baptizaturi
726 740 792 809 Quia
805 740 912 811 quidam
926 739 971 809 qui
985 738 1035 793 ha·
1087 747 1230 808 potestate,
1248 739 1286 796 illi
1300 740 1465 807 ministerio:
1479 741 1634 797 servitutem
1645 740 1679 796 ad
1691 740 1878 812 baptizandum

246 839 344 897 habant
354 836 485 907 baptisma
501 832 621 901 hominis,
633 832 699 902 jussi
712 838 774 886 sunt
786 846 800 885 a
812 830 893 886 Paulo
906 828 1035 900 baptizari
1088 829 1126 886 illi
1136 830 1321 900 admovebant,
1334 843 1451 904 potestas
1460 831 1610 903 iraptisandi
1619 831 1645 889 iu
1654 830 1761 889 Christo
1776 846 1880 902 mema-

247 930 322 1003 (lrt.
334 944 390 995 ιιι,
406 928 452 983 ed
463 924 495 998 ):
511 939 563 979 non
577 923 648 979 enim
666 920 798 1001 habehant
811 921 941 992 baptisma
955 920 1034 975 Chri·
1088 922 1178 979 nebat.
1202 923 1274 996 Ergo
1287 924 1457 997 baptizabant
1469 925 1591 997 discipuli
1602 925 1678 997 ejus,
1697 924 1773 981 etthi
1793 923 1881 979 adlrue

244 1022 289 1080 sti.
304 1020 373 1092 Quid
386 1034 450 1094 ergo
463 1029 606 1088 exaggeras
619 1014 742 1071 meritum
764 1014 890 1078 ioannis.
911 1020 939 1068 ei
959 1010 1034 1082 errari
1087 1025 1145 1071 erat
1157 1015 1242 1072 iudas
1254 1018 1324 1073 inter
1335 1018 1480 1088 discipulos
1492 1018 1549 1088 cius
1562 1034 1570 1071 ε
1583 1032 1649 1089 quos
1660 1030 1725 1088 ergo
1738 1015 1880 1087 baptizarit

244 1110 339 1184 abjicis
351 1108 529 1166 infelicitatem
543 1104 747 1161 hereticorum?
757 1102 901 1175 Ctessntihi
916 1100 1035 1157 concedo
1087 1106 1180 1175 iudas,
1197 1122 1250 1164 non
1264 1118 1325 1165 sunt
1343 1110 1439 1183 iterum
1452 1110 1593 1179 baptizati;
1612 1117 1642 1164 ct
1654 1123 1721 1180 ques
1739 1108 1881 1179 baptisavit

178 1264 193 1290 ι
216 1202 389 1337 immam
409 1212 469 1255 0⁵⁸0
495 1195 636 1253 haereticos
656 1212 664 1249 ἰ
688 1193 736 1251 Sed
762 1193 878 1251 hoeiaiissi
903 1193 1034 1264 hetthim
1088 1199 1215 1267 ioannes,
1227 1202 1322 1257 iterum
1335 1201 1881 1273 baptizatisunthlaneiterunr,sednon

220 1342 229 1385 ἶ
244 1292 344 1351 Christi
359 1290 508 1354 dederunt,
523 1286 593 1359 qood
607 1287 736 1357 baptisma
749 1300 802 1341 non
821 1284 894 1341 dedit
907 1284 1032 1340 inermes.
1088 1288 1185 1346 iterato
1195 1292 1337 1361 baptismo.
1351 1292 1424 1360 Quos
1434 1294 1503 1347 enim
1514 1292 1657 1363 baptizarit
1668 1291 1793 1359 ioannes,
1805 1292 1881 1349 ioan·

224 1388 230 1414 ³
270 1387 314 1443 li.
328 1378 1033 1449 Recurrbadioannemctdieoellicertqnibaptizot.
1088 1380 1881 1454 neshaptizaritzquosauternbaptizaritindas,Christus

223 1477 288 1549 ¹:Sic
301 1478 372 1535 enim
387 1475 483 1533 melior
499 1472 616 1529 loannes
633 1486 712 1542 quam
731 1470 886 1535 haereticus,
900 1468 1035 1539 quomodo
1087 1472 1239 1542 baptizarit.
1262 1474 1307 1530 Sic
1328 1490 1392 1547 crgo
1410 1490 1478 1546 quos
1496 1475 1637 1545 baptizarit
1655 1475 1792 1542 ebriosus,
1813 1490 1882 1543 quos

225 1561 228 1625 Ϊ
243 1570 337 1626 melior
347 1567 551 1636 ioarruesquam
561 1562 692 1629 ebriosus,
706 1561 838 1633 quomodo
851 1560 1036 1616 meliorinan-
1088 1560 1231 1633 baptizarit
1241 1556 1383 1632 homicida,
1400 1582 1466 1636 quos
1477 1566 1618 1636 baptizarit
1634 1564 1747 1633 adulter,
1762 1565 1785 1619 si
1795 1565 1883 1634 bapti-

244 1678 291 1718 nes
304 1676 385 1731 quam
397 1657 539 1713 homicida.
553 1656 580 1711 Si
594 1664 654 1725 post
668 1654 825 1709 deteriorem
840 1653 975 1724 baptisare
989 1652 1035 1709 dc-
1087 1668 1162 1709 surus
1176 1654 1353 1718 christiam,
1368 1656 1490 1713 Christus
1503 1657 1655 1727 baptizarit
1665 1657 1724 1712 Non
1737 1657 1820 1712 timeo
1831 1657 1881 1712 ad·

243 1752 348 1823 bemus,
359 1750 420 1823 quia
433 1756 492 1819 post
504 1744 643 1801 meliorem
656 1743 964 1814 baptizarunthpostoli;
976 1744 1035 1814 qui·
1087 1746 1220 1814 ulterum,
1237 1763 1293 1803 non
1305 1748 1458 1815 ebriosum,
1479 1764 1531 1805 rron
1551 1748 1728 1815 homicidam3
1752 1749 1813 1819 quia
1833 1764 1882 1804 co·

243 1859 357 1915 cumque
371 1841 440 1912 apud
456 1841 528 1911 ipsos
550 1838 672 1909 baptizati
687 1836 786 1893 inerint
803 1836 837 1893 ah
849 1836 964 1903 ebrioso,
981 1853 1034 1892 non
1087 1835 1205 1892 lumbam
1216 1837 1344 1908 absurdo,
1358 1855 1407 1911 per
1420 1856 1499 1912 quam
1510 1841 1584 1911 ‚rrclhi
1597 1841 1708 1909 dicitur,
1725 1838 1775 1896 liic
1789 1848 1827 1897 est
1837 1838 1883 1913 qui

244 1937 305 1993 dico
316 1935 350 1990 ah
363 1932 510 1999 homicida,
528 1944 580 1987 nen
594 1929 653 1986 dico
665 1945 682 1984 a
695 1930 808 1986 satellite
817 1929 927 2002 alicujus
948 1930 1035 1985 scetc-
1087 1925 1209 1997 baptizet.

244 2034 295 2085 rati
317 2026 372 2101 (a),
392 2042 446 2081 nou
464 2024 525 2080 dico
543 2040 560 2079 a
579 2032 687 2093 raptore
699 2038 788 2078 rerum
801 2024 965 2091 alienarum,
981 2037 1036 2079 non
1122 2020 1167 2075 tt.
1181 2020 1332 2091 Caeterum,
1346 2023 1441 2080 iratres
1453 2024 1525 2093 urei,
1540 2025 1652 2083 delirum
1666 2036 1708 2083 est
1718 2027 1808 2085 dicere
1819 2029 1882 2101 qnia

244 2119 304 2176 dico
315 2119 350 2174 ab
359 2129 518 2187 oppressore
532 2114 700 2185 pupillorum,
714 2129 767 2169 non
780 2129 795 2168 a
807 2122 959 2184 separatore
968 2128 1035 2169 con·
1087 2114 1207 2170 melioris
1216 2116 1304 2174 meriti
1318 2115 1377 2183 luit,
1392 2132 1445 2171 non
1463 2117 1524 2173 dico
1541 2117 1633 2187 iudas,
1647 2120 1694 2175 sed
1707 2120 1818 2191 quidibet
1831 2120 1882 2174 ho-

242 2212 352 2281 iogum3
371 2206 437 2264 nihil
463 2204 632 2263 horumdicc
647 2222 653 2259 :
669 2204 740 2275 quod
759 2204 877 2259 solentne
896 2213 937 2260 est
954 2205 1034 2271 dico,
1088 2206 1207 2274 minum,
1221 2222 1300 2279 quam
1315 2208 1580 2279 illedcquodictnm
1593 2218 1644 2277 est,
1659 2208 1692 2264 ln
1710 2211 1882 2266 notiaomh‘e-
1989 2260 1994 2268 .

243 2302 317 2375 quod
330 2300 511 2373 quotidianum
523 2298 642 2364 estdico,
656 2310 708 2367 que
719 2306 846 2353 rocarnur
857 2311 951 2353 omnes
962 2299 1034 2367 dico,
1086 2314 1144 2351 rom
1163 2314 1237 2351 neme
1251 2297 1390 2354 accurrerit
1407 2303 1490 2371 major
1511 2300 1611 2356 loonne
1629 2301 1746 2374 baptiste
1769 2302 1880 2376 (llotth.

244 2404 271 2452 et
295 2396 321 2452 in
343 2394 394 2450 ista
407 2393 532 2460 ciuitate,
545 2390 652 2461 quaudo
664 2390 703 2445 eis
715 2389 830 2457 dicitur,
848 2391 999 2463 alogiemus
1013 2392 1034 2459 ¹,
1087 2404 1124 2455 ιι,
1138 2389 1167 2447 ιι
1177 2386 1198 2461 ).
1210 2389 1268 2444 Nou
1278 2406 1342 2461 ergo
1352 2391 1413 2446 huic
1423 2393 1563 2463 qnisquam
1577 2408 1679 2463 mrrus,
1692 2394 1739 2450 sed
1750 2394 1882 2465 baptisma

244 2487 315 2544 bene
328 2487 364 2542 sit
376 2484 464 2551 nobis,
479 2491 507 2539 ct
526 2480 571 2537 teli
588 2481 631 2536 dic
645 2480 712 2537 leste
723 2478 906 2536 ianuariarum
921 2497 976 2537 nou
988 2482 1036 2537 de·
1088 2479 1194 2535 Domini
1212 2482 1293 2537 ctiam
1314 2496 1362 2552 per
1375 2496 1480 2538 servum
1498 2484 1595 2539 maium
1608 2484 1714 2553 datum,
1729 2486 1882 2557 baptismati

243 2579 292 2636 bas
308 2577 449 2650 jejunare;
470 2590 502 2631 eu
516 2574 577 2630 dieo
591 2574 677 2641 lenio,
691 2572 842 2644 quotidiana
858 2593 865 2631 ς
882 2575 915 2632 ab
930 2574 1036 2632 ebrioso
1089 2570 1170 2625 etiam
1182 2571 1261 2626 amici
1272 2572 1341 2626 servi
1352 2574 1524 2643 praeponitur.
1538 2574 1606 2629 ludi
1616 2575 1708 2647 quales
1720 2592 1884 2632 commemo·

245 2670 354 2729 homine
367 2686 427 2727 cum
445 2668 608 2738 baptizatur,
624 2666 683 2738 quis
696 2675 738 2722 est
753 2666 856 2733 melior,
873 2667 989 2724 Joarrrrcs
1002 2684 1036 2725 an
1088 2669 1130 2715 rat
1143 2660 1278 2731 &1³⁰⁵th
1292 2662 1388 2717 Paulus
1400 2663 1482 2719 5³¹⁸⁰⁸
1495 2663 1592 2722 fnit&
1602 2707 1609 2732 ι
1621 2666 1718 2723 invidit
1732 2666 1882 2737 hraedifflss·

245 2763 384 2823 ebriosus?
397 2760 549 2833 Responde,
562 2760 585 2815 si
599 2768 685 2831 potes,
697 2758 768 2829 quod
779 2758 899 2815 ebriosus
911 2767 970 2817 tuus
981 2774 1037 2816 me-
1090 2761 1130 2807 tes
1142 2751 1251 2807 terbum
1264 2752 1321 2817 Dei.
1332 2761 1361 2809 et
1370 2753 1434 2825 quid
1443 2753 1478 2809 de
1489 2754 1540 2810 lilia
1547 2754 1611 2811 dicit
1622 2774 1629 2811 ι
1640 2755 1707 2811 Etis
1716 2758 1763 2812 hoe
1771 2758 1882 2829 posteo,

244 2854 295 2912 lior
322 2855 358 2911 sit
372 2868 452 2925 quam
472 2850 605 2907 ioannes:
621 2864 753 2920 nunquam
768 2849 819 2904 hoc
831 2850 948 2906 audebis.
965 2850 1037 2922 Ergo
1088 2844 1134 2897 sed
1145 2854 1170 2897 et
1185 2846 1310 2915 pendebo.
1330 2846 1463 2902 Christum
1476 2848 1547 2903 enim
1562 2850 1766 2919 annuntiabant,
1781 2868 1828 2922 per
1843 2853 1886 2907 in·

246 2962 274 3007 tu
288 2950 348 3021 quia
365 2947 469 3004 sobrios
491 2960 537 3010 cs,
553 2944 657 3014 baptiza
677 2952 736 3013 pest
753 2942 888 2998 ebriosum
907 2952 990 2999 tuum.
1009 2944 1037 2999 Si
1090 2936 1186 2991 vidiant
1202 2936 1321 3007 quidem,
1332 2939 1380 2993 sed
1392 2950 1480 2996 tamen
1494 2940 1630 2999 Christum
1644 2941 1781 3016 (Philipp.
1796 2961 1816 3010 ι,
1832 2945 1883 3001 ι5-

246 3042 317 3100 enirn
338 3047 398 3111 post
415 3037 543 3094 ioannem
558 3035 757 3105 baptizaverunt
779 3034 919 3105 Apostoll,
938 3043 1038 3107 quanto
1090 3029 1155 3102 lh).
1168 3028 1226 3085 Non
1239 3046 1288 3101 per
1299 3033 1373 3102 quid,
1388 3033 1436 3088 sed
1452 3049 1529 3104 quem
1544 3034 1605 3090 ride
1618 3053 1626 3090 e
1640 3051 1687 3107 per
1696 3038 1821 3092 inuidiam
1835 3038 1885 3095 tibi

246 3131 331 3202 magis
342 3128 421 3184 debet
434 3136 494 3197 post
507 3124 642 3181 ebriosum
659 3123 764 3180 sobrius
778 3124 982 3195 baptizareris
995 3124 1037 3181 di·
1090 3123 1251 3193 praedicatur
1272 3123 1401 3180 Christus?
1414 3126 1475 3181 ride
1492 3126 1646 3195 Christum,
1668 3128 1720 3184 rita
1743 3129 1884 3187 invidiam.

246 3220 345 3292 cis,ln
366 3219 467 3276 unitate
489 3230 592 3274 mecum
615 3224 657 3271 est
678 3215 902 3286 ebriosulergo
922 3214 1039 3273 Joaurres
1089 3210 1149 3267 Noli
1168 3213 1265 3269 imitari
1276 3214 1374 3269 malum
1388 3215 1600 3285 praedicatorem,
1615 3218 1774 3276 sedirnitarc
1787 3220 1888 3277 bonum

246 3316 348 3370 anucus
360 3310 460 3381 sponsi,
473 3322 526 3363 non
538 3316 597 3364 erat
610 3307 635 3362 in
647 3308 747 3363 uultate
758 3322 820 3363 cum
833 3308 950 3377 sponset
1089 3305 1136 3375 qui
1150 3306 1159 3337 ¹
1175 3304 1224 3361 tibi
1241 3306 1410 3376 praedicatur.
1424 3305 1545 3364 Christus
1561 3324 1626 3381 erge
1641 3310 1824 3381 aquibusdam
1838 3327 1888 3383 per

282 3406 327 3462 ιι.
347 3404 401 3460 Sed
415 3402 462 3459 tibi
476 3402 526 3473 ipsi
540 3401 614 3468 dico,
631 3400 751 3471 natisonis
770 3414 799 3455 es
814 3417 820 3453 :
834 3399 874 3454 'lu
888 3416 917 3457 cs
932 3400 1038 3469 molior,
1091 3395 1217 3451 iuvidiam
1229 3395 1434 3468 predicabatur.
1444 3398 1480 3453 Et
1491 3398 1554 3469 quid
1566 3409 1609 3455 cst
1623 3400 1760 3457 inuideret
1773 3401 1889 3457 Horren·

248 3513 282 3554 ou
296 3493 430 3553 ioannes!
445 3492 503 3549 Non
521 3492 631 3549 audebis
651 3490 764 3547 dicere:
785 3490 842 3561 ligo
862 3506 921 3546 sum
944 3492 1040 3548 melior
1090 3486 1154 3543 dum
1174 3488 1284 3544 malum.
1299 3488 1359 3560 ipso
1371 3490 1442 3546 malo
1460 3492 1570 3547 zabolus
1582 3492 1700 3563 deiectus
1719 3502 1779 3561 est,
1794 3493 1885 3566 ipsum

247 3586 464 3660 quamiuanncs.
478 3583 547 3654 Erro
557 3582 854 3653 posttebaptirenttui,
869 3583 891 3640 si
905 3583 1041 3640 teiuerint
1090 3578 1188 3650 deiecit
1210 3579 1322 3635 multum
1343 3582 1457 3653 maligna
1472 3584 1554 3652 pestis
1570 3586 1581 3617 ¹
1597 3601 1605 3638 ι
1619 3595 1647 3640 et
1661 3584 1794 3641 habehant
1812 3584 1888 3641 illam

199 3677 202 3684 ’
249 3678 383 3735 meliores.
398 3674 579 3748 Sicnimpost
593 3673 722 3729 ioannem
736 3672 896 3744 baptizatum
908 3686 959 3741 est,
975 3690 1039 3731 cru·
1091 3672 1198 3743 quidam
1210 3670 1308 3728 Christi
1327 3672 1533 3743 predicatores,
1546 3689 1615 3746 quos
1629 3685 1718 3731 tamen
1743 3675 1889 3747 praedicare

246 3770 327 3827 hasce
347 3768 409 3841 quia
430 3772 531 3839 postte
550 3779 602 3819 nou
617 3764 775 3837 baptizator.
791 3764 913 3821 Dicturus
924 3781 971 3831 es,
985 3766 1039 3823 Sed
1090 3764 1220 3834 permittit
1234 3764 1389 3834 Apostolos.
1402 3763 1512 3833 Quare?
1528 3765 1595 3832 Quia
1607 3765 1743 3822 Christum
1756 3765 1889 3837 praedics·

247 3875 298 3932 ego
313 3860 473 3929 baptismum
492 3854 591 3911 Christi
611 3854 717 3922 haheo,
732 3864 759 3910 et
780 3854 874 3913 docco.
889 3857 1040 3928 Aliquando
1091 3853 1164 3909 baut.
1180 3853 1230 3921 Qui
1241 3862 1329 3909 autem
1339 3852 1448 3919 invidet,
1458 3854 1530 3921 odit;
1544 3862 1572 3939 et
1583 3856 1627 3926 qui
1641 3854 1708 3924 odit,
1718 3856 1781 3925 qnid
1793 3855 1828 3911 dc
1839 3856 1888 3913 ilio

248 3963 314 4019 ergo
326 3960 441 4019 agnosca
452 3944 587 4014 judicem,
602 3952 630 3999 et
644 3943 700 3997 noli
722 3958 811 4013 praeco
823 3945 952 4015 superbus
966 3962 1036 4003 esse.
1090 3942 1211 3999 dicitur?
1224 3942 1293 3997 dudi
1308 3944 1458 4013 apostolum
1472 3942 1603 4001 ioannem
1619 3962 1626 4001 ι
1642 3945 1694 4011 Qui
1709 3945 1762 4000 odit
1781 3946 1890 4015 [retrorsa

248 4038 412 4109 baptismum
424 4034 522 4091 Christi
536 4034 603 4097 das,
617 4032 676 4088 ideo
690 4047 743 4088 mon
756 4041 816 4104 post
829 4042 856 4090 ts
868 4034 1037 4105 baptizatur:
1091 4049 1175 4101 ιιιιιιιι,
1190 4032 1317 4115 hemiolio
1327 4041 1366 4089 est
1375 4031 1403 4107 (Ι
1413 4032 1491 4089 locs.
1506 4052 1552 4103 ιιι,
1568 4035 1629 4108 lh).
1647 4035 1716 4093 Ecce
1730 4044 1791 4108 post
1805 4036 1889 4093 toen-

249 4139 309 4203 post
320 4128 449 4186 ioannem
468 4125 528 4180 ideo
546 4124 705 4194 baptizatum
718 4132 776 4193 est,
789 4126 849 4197 quia
870 4141 922 4182 non
941 4128 1039 4185 Christi
1091 4139 1153 4180 nem
1164 4124 1326 4195 baptizatum
1340 4132 1392 4188 est,
1411 4133 1471 4195 post
1482 4126 1643 4182 homicidam
1657 4142 1709 4184 uren
1723 4128 1885 4199 baptizatum

249 4221 410 4291 baptismum
427 4216 517 4282 dabat,
538 4215 585 4271 sed
599 4228 691 4281 suum;
718 4215 779 4285 quia
797 4215 836 4271 sic
855 4228 992 4289 acceperat
1010 4230 1039 4276 nt
1091 4224 1151 4281 est;
1171 4214 1233 4285 quia
1247 4214 1363 4271 ioannes
1383 4214 1458 4271 dedit
1479 4215 1639 4286 baptismum
1653 4214 1739 4286 suum,
1754 4216 1891 4275 homicida

249 4312 333 4383 ipsius
351 4318 431 4367 esset.
447 4306 505 4363 Non
519 4322 582 4378 ergo
601 4316 628 4361 tu
643 4306 736 4361 melior
750 4321 829 4377 quam
842 4307 976 4366 toarrncs:
991 4312 1039 4367 sed
1091 4306 1164 4363 dedit
1189 4306 1350 4379 baptismum
1372 4307 1481 4365 Christi.
1504 4309 1580 4379 erod
1608 4310 1808 4368 Sacramentum
1831 4318 1891 4368 tam

250 4406 397 4475 baptismus
418 4401 463 4471 qui
489 4414 535 4469 per
550 4409 575 4455 te
587 4398 683 4463 datur,
704 4400 799 4455 melior
818 4415 896 4470 quarn
918 4402 1037 4461 inarmis.
1090 4408 1211 4455 sanctum
1224 4410 1280 4467 est,
1296 4409 1326 4457 ut
1339 4416 1389 4457 nec
1408 4401 1539 4459 homicida
1560 4404 1728 4462 ministrante
1742 4406 1888 4476 polluatur.

250 4494 309 4567 ipse
327 4495 398 4550 enim
421 4491 521 4549 Christi
535 4500 593 4557 cst,
615 4490 664 4545 istc
678 4497 766 4545 autam
787 4490 953 4549 ioannisht
967 4495 1038 4566 quod
1126 4492 1242 4548 tomen
1257 4492 1504 4564 respnoioannem,
1520 4494 1567 4551 sed
1580 4498 1670 4565 potius
1684 4496 1888 4553 credoioanui.

251 4589 365 4645 dabatm
389 4600 404 4641 a
429 4584 527 4651 Paulo,
549 4592 577 4638 et
598 4582 667 4654 quod
689 4582 801 4640 dabatur
824 4600 839 4639 a
859 4586 947 4654 Petro,
962 4587 1039 4643 Chri·
1091 4582 1160 4649 Quid
1173 4583 1379 4639 credoJoannii
1392 4583 1467 4652 Quod
1480 4584 1572 4641 didicit
1586 4588 1806 4657 percolumham.
1818 4588 1890 4656 Quid

251 4681 286 4736 sti
308 4687 350 4735 est
370 4696 377 4734 ι
396 4686 424 4733 et
446 4676 470 4731 si
492 4674 582 4731 datum
604 4682 645 4729 est
662 4673 768 4739 eluda,
789 4672 887 4731 Christi
904 4688 971 4733 erat.
985 4680 1038 4734 Dc-
1091 4672 1183 4729 didicit
1195 4689 1244 4743 per
1257 4675 1427 4731 columbum?
1444 4674 1492 4729 llic
1511 4686 1547 4731 est
1568 4678 1611 4748 poi
1622 4678 1734 4749 baptizet
1745 4680 1771 4733 in
1786 4678 1890 4750 Spiritu

251 4773 291 4831 dit
303 4770 395 4838 tutas,
414 4776 441 4824 et
460 4780 511 4823 non
531 4766 691 4836 baptizatum
709 4775 751 4823 est
765 4775 824 4837 post
842 4766 950 4835 iudam;
966 4770 1039 4825 dedit
1091 4774 1188 4821 sancto.
1201 4764 1260 4820 iam
1273 4781 1346 4836 crgo,
1363 4766 1467 4831 iratres,
1482 4774 1571 4823 tenete
1583 4769 1643 4834 hoc,
1659 4778 1687 4826 et
1698 4770 1823 4825 cordibus
1838 4786 1891 4825 re·

250 4864 382 4928 ioannes,
397 4870 425 4915 at
440 4859 597 4929 heptiuaturn
617 4866 660 4912 cst
679 4867 738 4927 post
758 4857 887 4913 ioannem
907 4875 914 4913 :
934 4860 994 4930 quia
1016 4862 1039 4916 si
1091 4857 1154 4911 stris
1168 4856 1279 4927 inligite.
1301 4856 1329 4911 si
1352 4858 1424 4911 enim
1444 4855 1525 4912 hodie
1544 4859 1657 4915 noluere
1672 4861 1777 4930 plenius
1797 4860 1892 4916 dicere

248 4952 328 5011 datus
341 4960 411 5007 esta
431 4947 498 5005 luda
513 4947 669 5017 baptismus,
685 4944 783 5003 Christi
804 4958 860 5003 crat
871 4965 879 5015 ;
891 4950 936 5020 qui
952 4962 1038 5005 autem
1091 4962 1174 5020 quare
1187 4962 1236 5016 per
1247 4946 1411 5016 columbam,
1428 4957 1532 5019 tempos
1546 4966 1598 5007 nou
1615 4952 1721 5007 sulicit.
1739 4952 1805 5019 Quia
1815 4952 1891 5007 anim

249 5045 382 5103 sicanus
395 5042 472 5099 datus
489 5050 542 5109 est,
555 5039 666 5096 ioannis
678 5048 744 5095 erat.
759 5038 817 5094 Non
828 5039 921 5096 iudam
932 5039 1038 5109 ioanni,
1092 5037 1273 5093 resdisoenda
1286 5038 1417 5095 insinuata
1426 5039 1571 5097 estioauni
1582 5042 1794 5111 perceiumbam,
1806 5058 1892 5113 quiam

252 5136 299 5195 sed
311 5134 470 5207 baptismum
483 5132 579 5189 Christi
590 5134 669 5188 etiam
680 5146 728 5202 per
741 5129 816 5186 iudae
829 5146 922 5186 manus
935 5132 1038 5200 datum,
1093 5141 1147 5182 non
1165 5137 1277 5183 noverat
1290 5130 1318 5183 in
1336 5129 1444 5185 Christo
1455 5130 1580 5196 ioannes,
1593 5134 1712 5204 quamtis
1724 5134 1779 5206 jam
1795 5142 1893 5189 nosset

250 5230 382 5302 baptismo
393 5226 502 5284 ioannis
516 5225 594 5280 etiam
607 5240 653 5294 per
665 5223 877 5278 ritanusioannis
894 5224 956 5279 doto
968 5234 1041 5280 recte
1093 5221 1250 5288 Christum,
1272 5224 1383 5292 exposui
1401 5234 1530 5293 quantum
1550 5224 1666 5280 arbitror
1679 5224 1815 5281 Sanctitrti
1840 5240 1893 5280 vc·

156 5342 167 5355 ·
251 5320 440 5394 praeponimus.
453 5318 559 5375 Etenim
569 5315 667 5372 dictum
677 5323 719 5370 est
730 5316 763 5371 do
775 5316 887 5371 bernium
898 5326 1040 5388 autequam
1093 5322 1157 5368 strae
1171 5327 1179 5367 a
1192 5312 1332 5384 sedquare
1343 5312 1411 5369 haric
1423 5313 1508 5383 ipsam
1521 5328 1578 5370 rem
1591 5330 1639 5385 per
1650 5316 1799 5371 columbam
1811 5330 1894 5385 opor·

366 5414 369 5427 ’
1095 5404 1146 5460 tuit
1154 5404 1512 5473 demonstrari,sibresiter
1522 5404 1574 5462 dici
1585 5414 1686 5475 posset,
1697 5406 1893 5464 diceremtscd

281 5454 358 5505 ΙΙιιιι.
376 5462 402 5505 et
415 5451 706 5517 emmeramensem,
722 5444 861 5511 chriam
880 5454 934 5497 tiss
950 5447 1043 5514 aliquot
1133 5500 1138 5511 ,
1189 5498 1194 5513 ,
1245 5499 1250 5509 ,

250 5517 333 5580 pmbae
343 5522 414 5577 nea,
433 5511 569 5580 neptem
580 5508 786 5559 raroumduccum
798 5516 836 5559 est
845 5510 876 5559 ab
887 5510 974 5573 alogia,
987 5525 1043 5575 qna
1094 5514 1157 5569 eura
1169 5497 1215 5554 dtu
1225 5498 1366 5554 ducendum
1381 5508 1432 5566 est,
1445 5507 1472 5553 et
1484 5512 1596 5555 onerare
1606 5513 1657 5555 ros
1668 5499 1739 5565 nolo,
1754 5498 1893 5569 quomodo

249 5576 522 5701 &affluam
531 5568 1044 5697 ffiffiffigffiffiffig
1095 5588 1201 5659 aarum
1210 5603 1271 5644 sun
1281 5588 1561 5656 antiocensem,
1570 5589 1675 5646 uerrunt
1685 5590 1891 5661 quaternatas,

253 5711 840 5873 ‘tritu-remea
861 5759 1044 5874 ee.
1095 5698 1893 5837 arra-“armemur

250 5820 796 5885 mmommtdleswmmmomm.
842 5852 850 5885 ,
902 5826 1041 5877 immotus
1127 5822 1865 5897 ¹austronotus,spreciartcstcaritenstohenoperclareat.
