4000 6359
255 318 327 379 ἥθ’)
751 298 978 375 QUAESTlONES
997 294 1044 355 EX
1062 246 1154 353 Novi)
1172 296 1412 355 amathunta.
1823 292 1897 357 ”dt

257 428 369 497 uentilat
382 424 652 494 »autumaremus
683 416 746 475 oad
760 416 816 472 rori
836 412 1047 499 portinetrotio·
1101 411 1305 471 resurrectionis
1324 413 1426 470 horrore
1444 420 1471 471 et
1489 412 1586 470 uirtute
1605 410 1710 470 llomitti
1731 412 1895 473 densaretur.

256 488 318 556 irem
399 497 550 554 tessilium
565 494 670 563 Evange
683 490 736 546 ium
754 488 805 542 scri
841 500 893 541 rsse
909 486 1046 557 probatur.
1100 482 1284 539 Omnesenim
1297 492 1407 555 stupore
1420 484 1574 554 quodamin
1588 494 1676 541 morte
1687 484 1794 541 Domini
1813 486 1896 542 dubi·

257 570 286 626 ln
300 540 357 625 es⁹sr
370 570 396 624 io
414 568 485 625 enim
500 564 601 637 positus
618 562 645 618 in
663 561 746 616 insula
763 558 810 615 Pat
831 571 906 624 mos,
922 557 949 611 in
967 570 1047 627 quam
1100 560 1199 609 urant,
1214 552 1272 608 lton
1287 562 1375 611 tamen
1394 555 1423 610 in
1439 554 1606 611 dubitatione
1619 566 1834 627 permanserant.
1849 558 1896 615 sn

256 640 373 697 luerata
394 638 542 695 Domitiano
556 635 716 717 imperatore
730 629 872 699 relegatus,
888 626 954 683 vidit
968 640 1047 682 reue·
1099 623 1171 679 enim
1189 624 1306 680 animam
1326 626 1472 695 pertransit
1493 626 1617 697 gladius,
1641 626 1664 681 si
1687 625 1819 683 dubitatio
1840 644 1896 684 non

257 711 393 775 lationem,
415 709 484 763 sieut
500 706 575 771 dicit,
596 719 623 759 nr
646 701 690 758 die
711 700 845 757 dominico
862 716 870 753 s
890 705 959 769 post,
979 698 1049 752 sieut
1100 704 1254 765 permaneat
1266 695 1293 750 irr
1308 696 1483 769 cogitatione.
1499 696 1548 752 sed
1561 697 1674 767 pellatur
1687 698 1896 767 superveniente

256 782 322 848 disi,
347 778 452 849 scripsit
470 775 654 847 Euangelinm
679 770 748 843 qaod
772 768 904 824 haereticis
924 782 1046 823 amaram
1098 763 1263 821 reformante
1284 780 1314 823 se
1332 766 1442 837 pristina
1457 770 1564 823 rtrtute.
1580 766 1654 850 [Quis
1672 768 1744 823 enim
1763 782 1817 824 non
1837 784 1884 823 am

257 858 308 916 est,
324 864 392 921 qnos
411 849 542 903 inuenire
555 844 723 917 signiticarit.
739 841 807 897 Sunt
823 838 895 895 enirn
914 838 1045 905 carnales,
1099 834 1202 907 bigeret
1219 837 1312 892 ridens
1333 852 1406 903 eum,
1427 840 1473 909 qui
1494 852 1524 893 se
1543 837 1639 893 l'ihnm
1663 836 1710 895 liei
1728 838 1836 894 dioebat
1856 840 1896 895 sie

258 922 328 1045 ‘lii
344 920 414 1045 til
435 918 589 1043 ‘tri-titt
604 909 1048 1053 latitant-tatianum
1099 903 1284 1049 333er
1300 908 1895 1050 lrtttnlrtttttrltttttt'd

257 1006 469 1116 armenorum
483 1072 565 1114 trnum
580 1056 642 1111 lacit
655 1066 763 1123 eorpus,
778 1060 808 1107 ut
819 1049 915 1120 singuli
927 1050 1046 1105 membra
1098 1018 1317 1105 mini’reoessu'ra
1334 1058 1402 1116 erat,
1422 1050 1585 1117 pertransire
1604 1048 1671 1104 dtrtt
1688 1050 1817 1119 gladium,
1838 1064 1893 1105 non

258 1130 311 1185 sint
325 1130 392 1185 alter
405 1129 515 1184 alterius
531 1146 538 1183 :
555 1128 591 1182 ita
605 1134 635 1181 ut
650 1124 675 1179 in
690 1138 748 1189 ore,
764 1120 835 1193 ntrod
849 1120 938 1191 utique
952 1118 1047 1190 eapitis
1098 1119 1286 1191 superuadere,
1306 1128 1353 1174 ant
1370 1120 1524 1190 oontiagere
1543 1127 1722 1176 transeuntem
1742 1120 1894 1175 membrum

258 1213 321 1271 pers
333 1208 385 1267 est,
397 1198 607 1255 honorabiliores
620 1204 646 1253 et
658 1194 790 1249 fideliores
799 1190 940 1262 signidem,
951 1190 1047 1261 quibus
1099 1187 1215 1259 aliquod.
1239 1189 1274 1246 tn
1292 1190 1361 1247 sieut
1377 1190 1480 1261 gladius
1497 1190 1595 1247 missus
1619 1191 1801 1261 pertransiens
1818 1190 1893 1260 juxta

257 1269 356 1325 veritas
378 1284 439 1341 qum
460 1268 495 1325 de
519 1268 624 1324 Christo
645 1271 696 1329 est,
718 1262 802 1318 dntcts
822 1268 878 1327 ests
902 1260 928 1315 in
952 1270 1047 1316 uentre
1100 1260 1246 1328 hominem,
1256 1261 1377 1318 timorem
1393 1260 1464 1326 lacit,
1480 1269 1509 1316 et
1526 1270 1614 1316 tamen
1634 1276 1687 1316 uon
1706 1260 1843 1330 pereutit,
1857 1261 1894 1315 ita

258 1340 398 1396 haereticos
411 1339 551 1411 signidem,
564 1338 626 1410 quia
638 1334 759 1391 carnales
772 1339 843 1387 sunt.
861 1330 962 1387 leritas
974 1331 1047 1386 eninr
1099 1338 1127 1384 et
1138 1329 1267 1387 dubitatio
1279 1332 1431 1387 moestitiam
1444 1331 1552 1395 laeerot,
1567 1345 1620 1387 noa
1634 1339 1722 1387 tamen
1735 1330 1892 1387 ooeideret:

277 1426 317 1465 uos
330 1410 462 1466 Christum
477 1424 569 1465 rerum
587 1408 670 1463 Deum
684 1404 811 1473 loquitur,
830 1402 871 1455 his
889 1416 978 1455 amara
993 1409 1045 1456 est.
1099 1400 1161 1469 arria
1179 1416 1233 1455 non
1253 1402 1320 1457 sedit
1341 1402 1368 1457 in
1386 1403 1483 1467 anima,
1500 1402 1547 1456 sod
1565 1401 1729 1471 pertransiit,
1748 1401 1828 1471 quasi
1847 1415 1895 1469 per

257 1424 354 1535 ⁹lotum
378 1480 449 1535 enim
470 1478 642 1551 Euangelium
662 1475 772 1533 loannis
794 1480 885 1528 contra
907 1470 1047 1527 haereticos
1100 1470 1220 1525 umbram
1230 1472 1386 1543 contingens
1395 1471 1474 1527 eorda
1483 1470 1682 1541 discipulomm.
1693 1470 1895 1542 lieniqneCleo

257 1558 307 1633 est.
322 1550 420 1607 Contra
434 1550 576 1607 Plrotinum
597 1549 685 1613 enim,
700 1546 744 1670 ptri
760 1544 894 1627 Christum
915 1552 977 1597 ante
990 1542 1047 1596 lla·
1099 1539 1167 1622 phas
1174 1550 1202 1596 et
1209 1542 1277 1625 alius
1285 1542 1429 1612 discipulus
1437 1542 1564 1627 Cmmaus
1571 1552 1665 1625 euntes
1673 1543 1693 1608 ¹,
1701 1541 1732 1627 in
1737 1542 1780 1596 ria
1791 1542 1891 1623 tristes.

258 1612 1048 1754 :tltntrttttut‘tlttl?titillattltttltlth
1099 1610 1227 1737 Citis
1241 1614 1819 1764 tttfittttttthlhtht‘tnh
1832 1627 1895 1736 ht!

258 1776 312 1815 non
332 1761 432 1819 habore
448 1762 533 1832 sarria
547 1761 573 1815 in
589 1759 664 1815 initio
677 1767 733 1813 erat
748 1758 816 1811 heus
827 1754 948 1809 Christus
963 1752 1047 1809 Filius
1100 1751 1182 1823 plebat
1205 1752 1311 1807 liberare
1325 1751 1405 1807 lsrael
1423 1752 1497 1822 (hus.
1517 1770 1591 1820 xxrr,
1609 1752 1666 1825 2)).
1687 1752 1893 1817 unhrnvernnr,

258 1830 305 1886 liei
319 1833 389 1901 apud
401 1833 486 1889 Deum
496 1831 611 1893 Patrem.
625 1836 653 1883 et
684 1829 724 1883 uia
740 1826 805 1881 nihil
819 1826 877 1881 sine
890 1826 936 1881 illo
948 1824 1047 1879 laetum
1100 1822 1158 1889 sod,
1171 1824 1259 1879 statim
1275 1823 1493 1894 agnitolionriuo,
1508 1824 1629 1879 transisit
1642 1822 1773 1879 dubitatio
1781 1822 1897 1906 ¹.]Sicut

258 1910 310 1967 est,
325 1903 411 1972 ipsum
433 1917 578 1975 nonposse
592 1899 645 1955 dici
663 1844 841 1953 gratorumsi
855 1897 926 1952 enirn
947 1894 1063 1949 lactura·
1100 1892 1199 1949 dietum
1213 1903 1294 1949 estet
1308 1894 1463 1965 dolosoplr,
1499 1894 1541 1949 uia
1556 1895 1651 1965 serrum
1662 1895 1895 1967 pertransiortani·

259 1980 332 2041 erat,
353 1973 450 2028 laetum
469 1982 540 2029 esset
556 1968 656 2041 aliquid
675 1970 733 2025 sine
751 1968 797 2021 illo
813 1984 819 2021 :
835 1966 882 2022 sod
902 1966 963 2035 unia
982 1965 1057 2020 nilril‘
1100 1980 1168 2018 rnarn
1181 1965 1236 2035 ejus
1248 1962 1334 2037 (Pani.
1353 1980 1407 2031 err,
1422 1910 1522 2036 llil-‘ln
1541 1979 1649 2021 earcere
1675 1965 1745 2020 enirn
1764 1965 1897 2020 innocens

259 2042 318 2097 siue
343 2042 389 2098 illo
411 2052 484 2110 orat,
510 2056 617 2111 semper
640 2039 698 2095 linit.
722 2037 866 2095 Sabelliani
888 2045 976 2091 autonr
1003 2036 1048 2105 nni
1100 2034 1146 2089 dia
1161 2036 1281 2106 positus,
1295 2035 1329 2091 de
1343 2034 1389 2091 liei
1403 2034 1579 2103 jrrdieiocirea
1594 2036 1705 2106 sequod
1719 2036 1895 2094 dubitauerit.

259 2112 384 2169 unionem
399 2114 495 2183 accipit
507 2114 611 2171 Putrem
624 2120 651 2167 et
664 2108 770 2176 Filium,
786 2116 814 2163 ut
828 2122 896 2163 unns
907 2106 1049 2178 singularis
1101 2120 1154 2159 non
1169 2115 1211 2161 est
1224 2105 1319 2161 mirum
1334 2124 1341 2159 ι
1357 2106 1403 2161 sed
1420 2108 1480 2175 quia
1494 2106 1554 2177 plus
1564 2106 1598 2161 de
1612 2107 1669 2161 lieo
1687 2105 1827 2175 sperabat,
1843 2121 1896 2159 narr

258 2181 363 2239 dnobus
376 2186 527 2241 horninibus
544 2190 719 2251 nuncupetur.
734 2180 774 2234 sie
792 2177 911 2234 eonlrttat
925 2190 953 2232 ut
966 2178 1047 2240 dicat,
1102 2178 1249 2245 permansit
1261 2176 1287 2230 irr
1307 2176 1486 2247 ambignitate.
1502 2176 1532 2231 ln
1546 2192 1579 2231 eo
1591 2177 1662 2233 enim
1675 2178 1735 2246 quis
1745 2176 1896 2246 judicatur,

260 2252 291 2307 Si
314 2270 354 2308 nte
374 2256 526 2325 diligeretis.
552 2251 693 2325 gauderetis
713 2251 815 2319 utique,
842 2248 900 2320 qnia
925 2249 989 2303 uada
1015 2247 1049 2301 od
1102 2246 1546 2331 inqrroprnpensirrrest.dpoealp
1579 2248 1602 2303 is
1611 2246 1720 2303 toanrrts
1732 2246 1785 2303 troc
1796 2247 1895 2303 sancit.

260 2320 374 2389 Patrem,
394 2326 453 2393 qnia
474 2324 551 2378 Pater
573 2326 655 2391 maior
674 2336 714 2375 me
734 2330 770 2375 est
791 2318 880 2391 (loun.
901 2334 957 2385 stru,
974 2316 1047 2387 28):
1103 2315 1173 2371 Dicit
1196 2318 1279 2381 enim,
1301 2316 1389 2371 Dubiis
1406 2326 1430 2371 et
1450 2317 1546 2389 nrfideb
1565 2318 1736 2388 asperserit
1757 2318 1785 2371 in
1805 2328 1898 2388 stagna

260 2393 304 2448 uhi
330 2394 508 2449 manifestavit
528 2394 639 2449 duorum
699 2404 811 2458 rsonae,
835 2389 941 2459 quando
966 2387 1049 2445 Filius
1100 2385 1170 2458 ignis
1181 2388 1356 2458 osulphum
1379 2386 1470 2458 (apoc.
1488 2402 1544 2455 ιιι,
1558 2387 1599 2459 8).
1616 2386 1678 2443 ldeo
1691 2387 1737 2458 qui
1755 2403 1812 2441 non
1832 2404 1896 2457 per·-

260 2462 365 2518 Pntrern
388 2465 514 2535 rrrajorom
529 2462 652 2534 appellat.
693 2476 725 2517 eo
745 2461 816 2516 eninr
832 2460 972 2529 singularis
991 2460 1049 2531 ipse
1100 2459 1231 2513 nranetin
1250 2458 1425 2523 dubitatione,
1440 2458 1552 2528 eripitur
1569 2472 1584 2512 a
1603 2468 1688 2513 morte
1704 2457 1766 2529 (a):
1783 2458 1838 2513 hoo
1857 2469 1898 2513 est

259 2534 309 2589 sibi
333 2534 418 2605 major
434 2544 484 2590 est.
507 2535 615 2590 Necnon
634 2532 769 2587 onnvtnett
783 2538 811 2586 et
823 2530 983 2585 hlarcionem
1003 2531 1048 2602 qui
1100 2529 1422 2600 mortemerndere3qnia
1432 2528 1553 2585 dubitare
1562 2528 1596 2585 de
1605 2529 1670 2593 lieo.
1679 2530 1720 2585 rel
1729 2529 1765 2583 de
1775 2528 1896 2593 Christo,

259 2617 369 2661 earnem
381 2604 478 2661 Christi
496 2605 617 2675 denegat.
636 2602 800 2666 biritenim‚
816 2599 850 2655 Et
868 2598 975 2654 Vadam
988 2616 1049 2655 roro
1101 2598 1895 2724 nrorsest,daperbneptridosinitdubitaraeaaditmorta-tn.

259 2675 455 2745 parturierunt
475 2673 716 2731 lrnbitnnitinnabis
744 2671 785 2727 ld.
800 2688 819 2739 r,
841 2670 1048 2741 ll)lloesensu
1136 2669 1253 2726 thtt.
1280 2700 1318 2713 -
1340 2670 1390 2739 Qut
1436 2671 1487 2725 sibi
1516 2670 1573 2725 vult
1602 2679 1632 2725 ut
1652 2668 1732 2725 isaias
1763 2671 1896 2741 propheta

258 2743 339 2799 etiam
353 2744 526 2801 llarrielrmnrrr
540 2746 642 2817 arguit,
657 2743 737 2815 quiC
757 2743 852 2797 ristum
868 2742 894 2797 in
908 2756 987 2797 aaron
1001 2758 1048 2797 ve·
1100 2742 1172 2798 dicat
1192 2741 1227 2797 de
1246 2740 1376 2809 Christo,
1400 2740 1449 2809 Qui
1474 2750 1603 2810 peccatam
1621 2758 1671 2795 rann
1692 2741 1776 2811 fecit:
1800 2752 1896 2796 eontra

260 2815 334 2869 nisse
346 2818 445 2883 nescit,
460 2825 486 2871 et
499 2818 650 2887 irruptionum
665 2813 751 2870 aditus
765 2812 948 2875 intercludit‚i
968 2828 1048 2870 naras
1100 2822 1189 2868 autem
1200 2813 1352 2882 Apostolus,
1364 2810 1482 2881 Curensi
1512 2816 1631 2877 occatam,
1646 2812 1673 2865 in
1693 2812 1741 2876 nit,
1755 2812 1896 2876 nesciebat,

257 2884 422 2942 Salvatorenr
430 2888 579 2959 nuptiarum
592 2886 741 2941 conuiuium
750 2828 1050 2939 remunerassegtmttt·
1101 2900 1148 2956 pro
1162 2883 1233 2939 nohis
1254 2892 1383 2953 peceatum
1398 2883 1456 2953 [ecit
1471 2830 1548 2965 (Kal.
1563 2898 1617 2947 ιιιι,
1633 2827 1702 2965 isti
1715 2882 1777 2937 Cor.
1793 2899 1824 2965 u,
1837 2884 1895 2957 21).

258 2956 340 3037 modo
352 2966 380 3012 et
390 2958 524 3027 proptreno
535 2956 667 3043 Ezechieli
680 2956 779 3010 dietum
802 2962 841 3009 est
855 2952 889 3007 alr
906 2954 1001 3037 angelo
1020 2964 1049 3010 ut
1136 2954 1268 3023 Quantum
1287 2953 1321 3009 ad
1335 2968 1443 3036 sensurus
1457 2961 1587 3022 pertinet,
1600 2963 1763 3035 qrrsestronos
1780 2954 1898 3036 dryersae

257 3024 1047 3168 tttttttthaihaitunttrltttttthtltt:
1101 3024 1896 3166 tthtdttltrttltsrttrhthttltttottii-tan

258 3166 316 3222 lloa
335 3168 435 3225 dietum
455 3177 498 3224 est
518 3168 662 3240 prophetae,
683 3182 743 3221 eum
763 3166 858 3221 missus
878 3172 919 3220 ast
937 3180 1049 3235 arguere
1101 3167 1171 3223 rium
1184 3176 1239 3231 est;
1254 3165 1400 3228 nesciebat,
1414 3171 1441 3219 et
1454 3180 1506 3220 non
1521 3165 1582 3221 leeit
1594 3166 1680 3220 similo
1694 3173 1745 3221 est.
1759 3165 1896 3235 Pmpheta

278 3238 386 3307 apulum
409 3240 538 3309 perfidum
559 3248 584 3293 et
606 3236 839 3307 indisciplinatum,
864 3236 908 3305 qui
927 3236 1050 3293 similitor
1102 3235 1896 3308 ergoetporsonaChristilocutusest‚qurapeecatrrnrnon

259 3252 286 3361 fn
308 3316 400 3364 ventre
420 3309 559 3379 sigrritieati
583 3316 654 3375 sunt,
677 3308 738 3378 qnia
757 3315 836 3361 erant
853 3308 984 3361 carnalos.
1009 3308 1049 3364 lix
1101 3308 1175 3375 lecit,
1189 3306 1330 3363 neodolns
1348 3306 1471 3361 inventus
1490 3316 1531 3362 est
1549 3306 1576 3361 in
1596 3321 1643 3363 oro
1660 3308 1734 3377 ejus;
1747 3307 1897 3376 Apostolus

259 3376 303 3433 lris
317 3389 379 3433 sunt
394 3394 461 3449 quos
475 3378 609 3447 Scriptura
630 3378 657 3432 in
672 3376 737 3431 lania
756 3377 896 3446 propheta,
912 3376 975 3431 lieet
987 3380 1049 3434 mali
1102 3394 1168 3434 uero
1181 3379 1298 3449 loquitur
1313 3376 1347 3433 de
1362 3391 1474 3447 persona
1488 3377 1535 3433 liei
1549 3376 1650 3442 Patris,
1663 3378 1710 3449 nui
1722 3393 1797 3445 eum,
1813 3378 1841 3433 id
1854 3392 1897 3435 est

259 3447 328 3511 sint,
351 3449 445 3505 iratres
463 3464 476 3502 a
499 3450 586 3519 pellat.
609 3448 677 3504 llicit
696 3446 767 3503 enim
788 3464 794 3501 ι
820 3446 871 3501 Vos
890 3447 934 3518 gni
958 3448 1050 3504 tinretis
1101 3448 1236 3505 Christum
1251 3448 1296 3515 oui
1320 3448 1615 3518 peecatumneseiebat,
1634 3449 1776 3518 pronubis
1794 3464 1895 3519 peeca-

258 3515 353 3586 Deam,
367 3519 443 3575 dieite
453 3466 506 3575 stin
518 3520 612 3590 aainas
625 3518 743 3601 oderunt,
756 3516 943 3573 exaudierunt
953 3534 1050 3643 [rcere-
1101 3528 1157 3575 tum
1170 3519 1242 3575 lenit.
1257 3518 1334 3602 Quod
1348 3518 1445 3589 duplici
1461 3518 1540 3575 modo
1552 3517 1752 3591 intelligendum
1767 3528 1825 3602 ιιι..
1835 3520 1894 3576 Pri·

258 3596 302 3659 ptu
315 3604 381 3655 men,
393 3589 497 3646 Fratres
509 3591 588 3645 nosni
601 3596 659 3645 estas
672 3588 752 3663 (lent,
766 3604 837 3652 tntvt,
850 3588 876 3651 5.
887 3602 936 3641 see.
976 3588 1048 3661 xx).
1102 3606 1174 3645 nrum
1188 3591 1259 3645 renim
1272 3588 1420 3645 iecrtillum
1436 3597 1583 3660 peecatum,
1596 3589 1804 3646 dumincarnarr
1818 3590 1895 3647 rllurn

294 3658 409 3716 Lllllll.
423 3660 536 3729 *Quid
551 3660 673 3730 estquod
691 3660 799 3715 Simeon
813 3658 877 3713 dicit
889 3657 924 3713 ad
938 3658 1048 3713 liarianr
1102 3661 1200 3728 soluit,
1225 3670 1254 3717 ut
1276 3676 1356 3732 quem
1374 3674 1434 3715 sors
1452 3674 1505 3715 notr
1528 3660 1666 3731 tangebat.
1690 3659 1725 3715 de
1743 3663 1896 3729 penestrina

258 3739 371 3787 matrem
386 3732 491 3787 Domini
506 3732 695 3797 interemtam,
712 3728 871 3795 llicpmitas
889 3736 926 3783 est
951 3730 978 3785 in
993 3730 1049 3783 rui·
1101 3746 1184 3788 earne
1197 3746 1294 3802 eorpus
1308 3731 1455 3801 arriperet.
1469 3746 1517 3801 per
1529 3730 1600 3803 quod
1619 3730 1715 3786 dicitur
1732 3730 1821 3788 iaetus
1883 3765 1897 3775 -

157 3820 161 3825 ·
258 3816 318 3855 stunt
343 3812 367 3856 et
393 3802 420 3857 irr
447 3802 653 3857 resurrectionem
677 3800 811 3855 multorum
843 3800 870 3854 ia
896 3798 1001 3856 lsrael:
1025 3809 1050 3855 et
1101 3810 1201 3857 catum.
1224 3800 1325 3856 lieiude
1345 3800 1409 3856 dum
1429 3800 1509 3857 oliert
1525 3816 1587 3859 eura
1612 3816 1660 3869 pro
1681 3804 1809 3871 pecarnis,
1843 3808 1894 3861 ecit

258 3880 336 3937 tanat,
354 3872 448 3943 inquit,
463 3874 542 3943 ipsint
555 3874 665 3927 aninum
678 3870 837 3943 pertransibit
847 3866 995 3941 gladiun'ut
1010 3888 1050 3926 re·
1102 3872 1176 3927 illurn
1198 3880 1346 3943 peecatum.
1367 3871 1458 3926 llostia
1477 3872 1547 3926 enirn
1568 3874 1595 3928 in
1616 3871 1687 3943 Lege
1707 3888 1755 3942 pro
1827 3874 1896 3930 eatis

257 3940 634 3999 uelanturmnltorumcordium
643 3940 1050 4013 mgitationeslbar.rr,bl‚55)l
1102 3944 1199 4009 oblata,
1223 3952 1361 4013 peceatum
1382 3942 1593 4012 nuncupamur.
1612 3942 1670 3997 lloa
1688 3958 1754 4013 erga
1786 3944 1895 4000 'hristus

295 4011 404 4069 Simeon
424 4014 465 4069 vir
484 4024 600 4079 sanetus.
618 4020 647 4068 et
664 4012 760 4067 divinis
775 4011 890 4067 oraculis
910 4027 1049 4068 oonrmen-
1102 4022 1238 4082 peccatum
1254 4011 1326 4078 lecit,
1337 4012 1406 4068 sieut
1417 4012 1481 4067 dicit
1495 4013 1637 4083 proponam
1652 4012 1701 4069 sed
1714 4030 1729 4067 a
1742 4013 1824 4071 Patre
1839 4017 1896 4085 ipso

257 4080 347 4149 datus,
371 4098 420 4153 per
442 4083 569 4154 Spiritum
590 4090 709 4137 sarnetum
730 4081 833 4137 loeutus
852 4081 915 4152 quid
933 4084 1048 4137 loturum
1102 4093 1239 4155 peecatum
1259 4082 1344 4138 lactus
1356 4092 1407 4151 est,
1421 4084 1490 4138 stent
1506 4094 1643 4139 ostensum
1663 4082 1833 4141 esromae
1849 4102 1896 4140 aa·

258 4160 331 4207 esset
344 4152 496 4209 hominibus
508 4170 541 4208 ex
555 4166 633 4208 eausa
647 4151 764 4219 Christi,
780 4159 808 4206 ut
822 4151 898 4206 rnina
911 4152 951 4207 his
965 4163 1047 4221 esset,
1102 4164 1156 4209 tem
1167 4153 1302 4211 Christum
1312 4169 1362 4225 pro
1373 4154 1451 4209 nolris
1460 4153 1522 4223 rpnid
1532 4154 1647 4217 est‚,rrisi
1656 4154 1721 4209 dare
1734 4164 1896 4224 potestatem

258 4220 305 4291 qui
325 4235 388 4276 oum
408 4224 458 4279 sibi
477 4224 629 4278 uiderentur
649 4230 722 4277 stare
740 4236 788 4292 per
807 4222 1002 4277 observantiam
1022 4231 1050 4280 et
1102 4226 1252 4281 volentibus
1274 4239 1335 4281 eom
1355 4223 1499 4279 occideret
1518 4224 1595 4293 Quod
1614 4224 1714 4280 idcireo
1734 4240 1896 4282 concessuri

258 4290 384 4360 peritiam
410 4292 504 4364 Legis,
530 4292 676 4347 dillldentia
703 4299 790 4346 tamen
815 4306 926 4361 operum
951 4292 1049 4350 Christi
1102 4305 1152 4361 est,
1166 4296 1227 4365 qnia
1241 4294 1410 4365 prolaturum
1422 4303 1481 4349 erat
1495 4302 1523 4349 ut
1535 4303 1607 4350 esset
1619 4310 1699 4351 causa
1713 4295 1896 4352 descendendi

259 4360 397 4430 caderent,
410 4362 556 4419 dissolutio
571 4362 745 4432 promissione
758 4361 864 4417 Petrum
877 4379 884 4415 ε
897 4362 949 4418 illis
960 4372 1049 4420 aumm
1102 4367 1135 4422 ad
1149 4368 1258 4433 inieras,
1279 4376 1308 4420 ut
1320 4365 1446 4434 spoliaret
1467 4372 1593 4420 tartarum
1609 4366 1761 4421 animabus.
1775 4366 1897 4449 Supera·

257 4431 416 4501 quinnllius
434 4433 663 4504 propedignitatis
681 4431 814 4488 essentia
834 4432 915 4503 Lege,
936 4434 1050 4489 ereden-
1102 4437 1223 4493 brmdans
1236 4437 1308 4491 enirn
1327 4443 1353 4491 ot
1367 4434 1514 4491 inauditum
1534 4445 1673 4504 peceatrrm
1693 4446 1745 4501 est.
1762 4438 1898 4494 oeerdisse

257 4502 331 4558 tibus
353 4518 417 4559 uero
441 4508 467 4557 in
489 4503 640 4567 Christum,
664 4502 825 4559 resurreetio
849 4503 875 4557 irr
902 4503 991 4560 lsrael.
1004 4504 1050 4577 [tir
1103 4521 1164 4564 earn
1185 4508 1231 4578 qni
1246 4522 1299 4562 non
1313 4508 1399 4561 solum
1420 4506 1491 4561 nullo
1505 4521 1604 4575 gauere
1617 4515 1786 4576 pensaverat,
1805 4508 1856 4564 sed
1870 4517 1899 4565 et

257 4572 331 4645 digni
346 4574 401 4630 lieo
420 4576 515 4631 sterent
532 4575 575 4645 qtri
594 4574 666 4642 prins
686 4572 783 4643 indigni
799 4581 827 4628 et
843 4574 949 4629 inutiles
962 4584 1049 4640 erant,
1103 4578 1193 4634 multis
1217 4577 1297 4633 uitam
1322 4576 1477 4631 donauerat.
1503 4576 1560 4631 lloe
1586 4586 1695 4645 peecata
1721 4593 1786 4633 raus
1812 4580 1899 4635 laetus

258 4654 286 4701 et
305 4647 510 4715 reprobarentur
522 4646 567 4716 nui
586 4644 686 4715 aliquid
700 4656 758 4700 osse
777 4644 937 4715 putabantur
949 4644 980 4717 ¹.]
994 4645 1051 4701 lloo
1101 4647 1234 4714 diabolus,
1253 4646 1452 4703 contradioendi
1467 4647 1605 4702 audaciam
1624 4648 1749 4719 perdidit.
1769 4648 1839 4704 Naar
1858 4650 1899 4705 si-

256 4724 300 4770 est
320 4717 389 4785 quod
408 4716 461 4772 alio
484 4717 543 4772 loeo
562 4715 626 4771 dinit
647 4715 783 4781 ltonrinus,
810 4714 841 4769 ln
857 4715 984 4787 judiciam
1004 4733 1050 4789 epo
1101 4719 1165 4774 mile
1173 4718 1244 4773 alind
1256 4716 1291 4773 ad
1300 4716 1408 4773 Calatas
1418 4718 1444 4773 in
1456 4716 1574 4789 Epistola
1586 4719 1702 4789 legitur:
1716 4720 1789 4775 inter
1800 4728 1899 4775 eatera

256 4786 315 4839 sarri
330 4787 356 4839 in
376 4786 441 4841 iruna
456 4787 586 4853 mnndum,
602 4796 629 4840 nt
648 4786 691 4857 arri
710 4801 760 4840 non
777 4786 871 4852 uident,
894 4786 1012 4851 mdeant5
1026 4796 1050 4841 et
1101 4790 1183 4855 enirn,
1199 4787 1309 4855 Faetus,
1333 4788 1428 4858 inquit,
1450 4805 1498 4859 pro
1519 4788 1591 4843 nobis
1615 4788 1777 4844 antedictum
1797 4790 1898 4873 (Galat.

257 4856 302 4925 nui
321 4857 420 4921 rident.
443 4859 502 4913 cnei
522 4858 586 4928 finnt
608 4856 699 4921 (loun.
718 4872 756 4925 tt,
779 4858 835 4927 59).
855 4857 974 4929 [tetrique
995 4871 1049 4912 non
1102 4874 1140 4927 ur,
1158 4858 1213 4986 ιδ).
1227 4858 1249 4914 d
1262 4873 1316 4929 qno
1329 4857 1424 4923 laetus,
1441 4858 1519 4913 nisia
1536 4859 1632 4914 Patrel
1644 4859 1748 4916 ludieio
1760 4877 1836 4917 enam
1852 4862 1899 4917 liei

259 4924 338 4999 legis
361 4928 496 4996 doctores,
523 4945 574 4983 norr
601 4928 740 4994 Pharisui,
765 4943 818 4982 non
842 4926 942 4983 Sariba
964 4928 1050 4983 secuti
1101 4944 1168 4986 erus
1209 4930 1285 4985 luisti
1304 4928 1475 4985 maledictum
1494 4937 1534 4985 est
1553 4929 1706 4986 ludaeorum
1726 4948 1733 4983 :
1757 4942 1900 5001 prorutum

257 5007 320 5050 sunt
333 4996 486 5065 Christum;
507 5000 554 5054 sed
575 5000 728 5069 piscatores,
751 4997 871 5053 homines
888 4998 1003 5067 imperiti
1023 5007 1051 5054 et
1102 5001 1174 5057 enim
1186 5000 1521 5056 illorumexolamatmors
1529 5000 1903 5074 salvatoriscracilrgiergo

259 5066 398 5122 rusticani.
415 5068 483 5123 llino
498 5080 538 5125 est
552 5069 622 5124 unde
637 5068 703 5123 dicit
721 5068 847 5123 Dominus
863 5086 869 5123 :
884 5067 970 5134 Pater,
988 5084 1050 5141 pru·
1103 5071 1271 5142 separator,
1281 5070 1624 5141 utpassioeJ'usprolioerot
1634 5071 1901 5137 nabis,uthinoeum

258 5137 307 5191 tias
328 5154 377 5207 apo
403 5140 463 5206 tibi,
486 5141 547 5211 quia
568 5138 720 5194 abscondisti
742 5138 795 5192 baa
816 5154 833 5191 a
853 5139 1006 5209 sapientibus
1027 5148 1050 5195 et
1103 5141 1249 5213 signoeius
1264 5150 1427 5207 exeuntem
1441 5141 1557 5197 stmrrnda
1571 5140 1780 5198 mortemiuime
1792 5151 1904 5199 tenore·

258 5208 431 5276 pradonibus,
451 5220 474 5264 rt
493 5210 607 5264 revelasti
626 5224 656 5263 ea
676 5210 787 5280 paruulis
804 5208 909 5277 (ilatth.
931 5224 970 5274 ιιι,
990 5208 1049 5281 25).
1103 5210 1905 5283 munlletniteninrmorsetianrserrosejmsqnorietsest.

258 5279 335 5343 Quod
351 5288 440 5334 autem
457 5279 563 5349 adjecit,
582 5280 685 5345 diosus,
702 5276 736 5332 Et
755 5286 825 5332 tamn
841 5278 920 5349 ipsius
938 5280 1051 5334 anienem
1139 5284 1178 5355 (b)
1192 5282 1326 5351 Quantum
1344 5280 1379 5336 ad
1398 5282 1566 5352 propositum
1585 5284 1711 5352 pertinet,
1734 5298 1792 5339 non
1810 5286 1906 5341 solum

259 5350 419 5417 perarmate
440 5350 551 5421 ptores,
573 5360 601 5405 nr
619 5351 759 5405 revelentur
782 5348 1052 5404 meanwarorum
1104 5354 1185 5410 vota
1199 5354 1362 5425 atnrepant,
1375 5352 1423 5409 sed
1434 5362 1462 5409 er
1474 5368 1598 5424 personae
1609 5353 1722 5409 eirena
1733 5366 1808 5412 snrn.
1824 5356 1907 5413 tems

257 5416 436 5489 capitationem
447 5421 498 5475 hoe
510 5420 600 5491 utique
612 5420 778 5491 signillosrit,
792 5420 852 5490 quia
864 5420 944 5474 etiam
956 5418 1049 5487 Marma,

259 5502 306 5556 per
317 5504 397 5559 quam
410 5498 514 5561 gestum
527 5502 569 5547 est
588 5491 743 5561 mysterium
758 5490 946 5547 incarnationis
957 5490 1051 5548 mtva·
1137 5510 1145 5541 ι
1157 5514 1199 5559 ις,
1210 5504 1327 5565 popm,
1338 5504 1454 5572 cppppm
1464 5512 1488 5557 et
1497 5514 1586 5558 m
1596 5513 1687 5560 m

259 5558 342 5627 toris,
367 5560 395 5617 io
419 5568 505 5617 morte
528 5561 634 5617 liomini
655 5560 803 5631 dubitarem
830 5560 866 5618 ita
891 5568 996 5633 tarrren,
1023 5570 1053 5618 ut
1136 5570 1418 5643 *uaeedmanstnnm
1433 5568 1653 5642 semedigenerie

1108 5630 1437 5821 vffiaffimoefflg
1451 5638 1508 5741 iffi
1518 5631 1621 5743 m
1629 5631 1743 5758 531¹:th
1760 5694 1827 5747 haar
1844 5702 1910 5757 rut

293 5754 789 5821 ¹ttaeodesuotinttss.seonndigeneris.
1228 5760 1408 5809 exttorotea.
1420 5754 1614 5818 quadraguslrnn
