4000 6359
241 385 310 446 1151
613 384 659 443 DE
677 373 894 444 AluAntttatts
911 376 1036 443 SAGRAE
1050 377 1265 453 SCRMM,
1284 386 1313 442 S·
1332 383 1515 446 Auobsuuu
1805 395 1880 457 MS

240 514 302 578 post
316 503 343 562 in
356 503 399 560 vla
412 510 546 562 saturatus
558 504 659 561 invenit
674 502 720 575 (lli
733 502 798 575 lleq.
813 501 882 575 xvir).
904 500 1034 559 ieremias
1085 500 1222 558 tummodo
1242 511 1376 573 gestamm
1397 504 1526 563 rationem
1547 513 1575 562 et
1593 506 1715 565 ordinem
1727 523 1881 581 exponere·

241 592 307 633 vero
332 575 419 632 adlauc
446 590 530 658 puer,
554 590 604 631 nee
625 575 771 631 litterarum
793 574 957 641 doctrinam,
982 587 1034 630 nec
1085 588 1155 628 mus.
1174 572 1305 640 Quoniam
1317 573 1346 629 in
1360 574 1402 629 bis
1411 576 1478 632 locis
1491 577 1526 632 de
1538 576 1635 647 quibus
1645 578 1772 637 historie·
1785 596 1881 639 narra·

240 645 477 717 virilisprudentrae
486 646 603 717 vigorem
611 644 873 719 (quandoallomiuo
881 644 978 700 missus
991 653 1032 700 est
1084 641 1158 700 bone
1178 643 1299 715 quasdam
1322 646 1469 715 tetigimus,
1493 647 1631 730 multiplex
1651 664 1778 707 sensuum
1797 653 1880 708 intel-

240 714 413 791 propbetare)
429 716 519 773 babuit
534 735 540 772 :
554 716 601 773 sed
619 716 691 787 quod
709 724 842 787 praecepto
861 714 1031 783 obediverit,
1084 712 1169 770 lectus
1181 714 1308 782 babetur;
1319 716 1420 773 etside
1430 716 1489 787 ipso
1497 720 1658 791 persingula
1668 721 1879 794 disputaremus,

241 788 381 845 scientiam
402 802 480 861 quant
500 802 553 842 non
577 787 720 852 babuerat,
743 788 863 857 accipere
887 785 1034 855 promeruit
1084 784 1214 853 plurimos
1225 785 1307 842 libros
1319 796 1347 841 et
1359 786 1486 857 longioris
1496 790 1613 845 laborem
1623 792 1713 861 operis
1725 792 1880 865 legentibus

241 858 349 931 (ierem.
360 858 467 930 1,t·9).
477 856 554 915 Unde
566 872 631 929 ergo
642 871 695 913 non
705 872 771 915 meae
784 858 886 927 exiguae
899 855 1032 911 lacultatis
1083 855 1273 936 preberemus.
1287 856 1340 913 Sed
1354 856 1406 913 boc
1419 860 1552 929 precipue
1561 862 1738 932 negligentius
1749 866 1881 921 omittere

240 929 389 1001 penuriam,
402 928 448 985 sed
464 928 670 1012 praecipientium
679 928 816 1011 providam
830 927 928 997 aspicio
941 936 1033 982 aucto-
1084 924 1183 982 idcirco
1195 928 1243 981 rati
1256 928 1498 999 sumus,'quoniam
1510 931 1670 1002 quicumque
1682 943 1807 991 sonores
1819 935 1882 990 baec

241 1000 356 1056 ritatem.
380 999 510 1068 Quoniam
528 1014 552 1055 sr
571 1000 599 1055 in
618 1015 661 1057 me
679 1014 687 1053 ι
706 998 822 1053 niculum
835 998 950 1067 aliquem
964 996 1032 1052 lucis
1083 993 1141 1051 loca
1158 997 1301 1067 explanare
1317 1008 1494 1067 curaverunt,
1509 1002 1622 1073 mystico
1633 1004 1818 1075 allegoriarum
1832 1007 1880 1061 in·

241 1084 295 1127 aron
309 1069 466 1137 crederetis,
480 1070 552 1127 nullo
566 1070 647 1125 modo
657 1014 721 1152 milii
730 1078 784 1125 tam
799 1068 925 1151 precipui
941 1068 1030 1149 operis
1085 1066 1217 1134 tellectui,
1230 1068 1283 1124 boc
1290 1078 1347 1133 est,
1362 1068 1463 1141 figurali
1473 1072 1650 1143 expositioni,
1660 1091 1720 1144 quas
1731 1075 1759 1130 in
1774 1075 1817 1131 bis
1830 1090 1880 1131 re·

241 1140 406 1211 ingeniosum
421 1141 538 1197 laborem
553 1140 735 1211 iniungeretts.
756 1140 785 1196 ln
799 1140 841 1195 lus
853 1137 1032 1193 voluminibus
1082 1147 1157 1206 perta
1172 1148 1230 1205 est,
1245 1138 1423 1195 edomuerunt.
1434 1140 1491 1197 lloc
1501 1151 1591 1197 aunan
1604 1158 1672 1214 opus
1685 1155 1774 1201 utrum
1786 1148 1878 1201 inter-

241 1213 301 1267 talis
313 1210 493 1281 dispositionis
505 1211 573 1267 ratio
585 1209 739 1278 intenditur,
750 1219 779 1265 ut
791 1209 892 1280 primm
902 1207 936 1263 de
946 1207 1032 1279 bloysi
1083 1217 1142 1275 eat,
1157 1223 1191 1263 an
1206 1218 1325 1275 maneat,
1344 1212 1372 1265 in
1385 1222 1476 1267 vestro
1501 1212 1600 1283 pendet
1618 1216 1740 1271 arbitrio.
1761 1218 1804 1273 Ab
1820 1231 1881 1273 uno

240 1281 440 1351 Pentateucho,
454 1281 587 1341 secundus
611 1281 645 1337 de
669 1281 807 1351 Prophetis
820 1280 869 1351 (o),
884 1278 977 1335 tertius
998 1277 1032 1335 de
1082 1279 1155 1333 enim
1172 1287 1305 1347 vestmm,
1319 1280 1346 1337 id
1359 1290 1417 1349 est,
1430 1282 1552 1339 Batbano
1562 1284 1589 1349 ¹,
1603 1294 1664 1355 post
1678 1296 1780 1357 patrem
1799 1286 1887 1342 llan-

239 1351 314 1409 liovo
327 1351 499 1417 Testamento
511 1360 680 1424 praenotetur.
693 1348 786 1407 Cuncti
797 1365 861 1407 vcro
871 1347 969 1406 laboris
980 1348 1032 1405 boc
1083 1348 1247 1405 cbinanum¹
1262 1352 1283 1405 si
1297 1350 1360 1422 quid
1373 1353 1551 1425 intelligentiae
1564 1354 1668 1424 addidi,
1684 1365 1712 1412 et
1724 1356 1760 1412 ab
1772 1356 1882 1424 altero,

239 1438 400 1505 magvtuopere
414 1423 526 1479 intentio
540 1430 678 1507 procurat,
702 1429 735 1505 ut·
751 1422 778 1505 in
799 1420 922 1503 omnibus
934 1420 1032 1545 rebus(l
1082 1428 1113 1474 ut
1122 1421 1216 1502 credo,
1232 1421 1380 1505 saliva'oris
1389 1424 1447 1493 ejus
1457 1424 1544 1481 vicem
1558 1425 1679 1509 laborum
1691 1441 1801 1510 eausam
1813 1443 1880 1511 sus-

238 1490 1030 1645 latlltttilltitillantadiutaadiuuata,
1083 1491 1384 1635 catadupla
1396 1495 1883 1640 lttlctlllulttatualt

238 1633 287 1691 secl
310 1636 394 1705 ipsam
420 1648 499 1706 quam
523 1634 550 1691 in
573 1634 703 1705 principio
723 1632 857 1700 condidit,
881 1632 1032 1704 gubernare
1083 1639 1146 1689 sunt
1162 1643 1304 1703 antequam
1329 1634 1442 1692 decursa
1454 1635 1614 1709 intelligant,
1631 1639 1772 1695 occasione
1788 1638 1883 1711 aliqua

238 1704 371 1761 ostendat.
386 1704 520 1763 Preterea
533 1705 613 1761 etiam
628 1704 656 1761 in
669 1704 719 1761 boc
732 1718 813 1775 opere
827 1702 986 1770 curavimus,
1001 1709 1032 1757 ut
1084 1717 1138 1758 non
1152 1702 1297 1778 fastidiant.

238 1776 364 1845 sepositis
384 1774 472 1832 adbuc
490 1774 632 1848 liguramm
651 1774 844 1843 intellectibus,
867 1788 956 1831 rerum
970 1781 1031 1827 tan·
1114 1794 1361 1856 rgmneffiqsqs„
1377 1795 1625 1859 Wme,
1637 1796 1767 1860 mm,
1777 1799 1822 1864 qui
1833 1798 1884 1851 sm

238 1877 392 2003 &afflatus
402 1879 480 1933 codex
490 1879 630 1933 monasterii
640 1886 662 1930 S.
673 1880 780 1932 audoeni
792 1878 980 1943 aotomgem,
998 1876 1031 1930 de
1082 1857 1493 1971 Ἢὲβὶβψηβῶιῶηᾚοιιιω,
1505 1858 1548 1911 lib.
1559 1859 1656 1923 Anisa,
1666 1874 1721 1924 erpi.
1733 1860 1772 1913 ts.

748 2146 987 2258 LIBER
1029 2144 1357 2253 PRIMUS.

902 2338 936 2383 ue
946 2337 1018 2395 ttoysr
1027 2330 1199 2384 vmnteucbo.

952 2464 1138 2517 mooe*

239 2591 352 2653 &APUT
370 2588 513 2651 Pltlllllll.
523 2620 559 2635 --
570 2586 610 2645 lle
623 2586 679 2645 lieo
691 2586 808 2647 ernon
821 2596 844 2643 et
855 2588 1032 2645 masticatione
1084 2586 1226 2658 depromit.
1251 2581 1298 2643 llla
1311 2586 1391 2657 igitur
1401 2585 1525 2670 inusitata
1538 2589 1746 2658 gubernatione,
1756 2605 1819 2647 cum
1832 2607 1884 2649 res

176 2672 182 2689 ¹
531 2670 711 2717 crmtnrorunt.
1084 2672 1133 2729 per
1154 2659 1317 2713 volontatem
1342 2665 1486 2729 potenmm
1505 2660 1689 2729 gubernatoris
1715 2661 1883 2731 ostendunt,

272 2736 339 2794 Cum
352 2734 541 2804 omnipotentis
553 2732 600 2789 Dei
610 2730 708 2787 auxilio
718 2729 752 2786 de
765 2730 930 2787 mirabilibus
941 2744 1032 2786 rerum
1102 2728 1155 2784 uod
1169 2744 1217 2798 per
1232 2728 1377 2785 elllcaciam
1393 2728 1554 2800 quotidianae
1574 2730 1810 2789 administrationis
1822 2748 1883 2790 uon

238 2810 360 2880 cupimus
374 2814 487 2861 tractare
500 2817 662 2870 sermonem,
676 2800 744 2857 unde
759 2801 931 2873 repetendum
943 2800 1031 2870 aptius
1094 2799 1192 2865 aciunt,
1205 2799 1232 2855 in
1244 2798 1386 2868 scripturis
1399 2800 1530 2855 mirabilia
1544 2812 1734 2858 memorantur.
1745 2802 1799 2858 Sed
1811 2802 1882 2859 dum

238 2888 266 2935 ut
278 2877 435 2935 sumendum
447 2874 552 2931 videtur
563 2871 715 2937 exordium,
731 2887 810 2941 quam
822 2871 856 2927 ab
869 2872 928 2942 ipso
940 2885 1031 2927 rerum
1084 2868 1117 2924 de
1132 2868 1174 2925 bis
1191 2869 1357 2926 mirabilibus
1370 2870 1449 2925 latius
1462 2870 1629 2941 postmodum
1639 2913 1648 2938 ,
1660 2872 1768 2942 quando
1781 2872 1815 2929 ad
1827 2888 1883 2929 eo·

238 2953 357 3005 omnium
371 2945 513 3011 Creatore,
534 2944 568 3000 de
585 2958 638 3014 quo
657 2957 728 3013 supe
741 2942 878 3011 Scriptura
892 2948 1032 2997 attestatur
1083 2955 1143 2995 rum
1162 2940 1219 2995 loca
1235 2940 1402 3008 venerimus,
1418 2941 1595 3007 disseremus;
1611 2943 1662 2997 boo
1673 2940 1755 2997 lixum
1769 2943 1884 3001 interim

238 3019 331 3077 dicens
347 3036 354 3073 ι
370 3016 420 3083 Qui
440 3016 501 3090 fucit
512 3028 603 3087 arogno
622 3022 646 3067 et
666 3012 838 3067 inscrutabilia
851 3022 875 3066 et
886 3010 1029 3079 mirabilia,
1083 3021 1255 3135 ffismanm’
1269 3010 1340 3081 quod
1354 3012 1544 3066 consummatis
1556 3020 1711 3067 naturarum
1730 3014 1883 3069 creationi-

239 3106 346 3162 quonnu
371 3104 422 3143 non
448 3096 484 3142 est
511 3101 629 3141 nantem
654 3082 730 3154 (lob.
752 3100 795 3149 ιιι,
823 3081 885 3155 lli).
912 3080 1031 3149 Quorum
1141 3081 1189 3148 ,in
1203 3081 1248 3137 die
1260 3081 1373 3151 septimo
1389 3081 1458 3137 Deus
1468 3082 1502 3137 ab
1516 3096 1597 3152 opere
1615 3096 1663 3138 sno
1683 3084 1831 3153 requievit,
1849 3094 1883 3141 et

112 3186 125 3203 ι
239 3162 358 3217 omnium
372 3157 534 3215 mirabilium
546 3155 619 3211 velut
630 3154 774 3225 principale
788 3152 921 3225 quoddam
933 3150 1029 3207 lunda-
1083 3165 1154 3207 rtuuc
1168 3151 1337 3222 postmodum
1355 3166 1403 3222 per
1416 3167 1496 3207 omne
1508 3160 1640 3222 tempusa
1652 3162 1781 3209 creaturae
1793 3156 1883 3211 tonus

240 3240 358 3287 mentum
370 3228 500 3295 instituit,
513 3225 620 3299 quando
633 3239 727 3280 omnes
743 3239 809 3294 quas
820 3222 939 3279 condidit
952 3236 1029 3279 crea-
1082 3222 1273 3291 gubernatione
1285 3238 1338 3277 non
1348 3231 1445 3278 cessat.
1456 3220 1509 3278 Sed
1521 3222 1641 3347 quamvis
1653 3238 1702 3293 per
1713 3238 1759 3279 ser
1769 3224 1882 3281 diemm

241 3308 331 3369 toras,
350 3316 381 3357 oa
403 3298 486 3354 nibilo
507 3296 579 3353 lccit.
605 3294 732 3351 AEternus
744 3309 808 3365 ergo
822 3302 849 3348 et
862 3294 1030 3363 omnipotens
1083 3291 1285 3349 alternationem
1295 3294 1382 3348 omnis
1396 3293 1515 3348 instituta
1540 3294 1611 3349 uisse
1621 3302 1742 3349 creatura
1752 3294 1884 3365 perbibe-

239 3370 351 3427 Crcator
363 3384 467 3434 rcruvn,
482 3368 566 3423 trinus
583 3376 610 3421 ct
623 3365 773 3421 individuus
785 3378 891 3434 semper
902 3376 1029 3430 manens,
1083 3368 1144 3429 tur;
1169 3378 1222 3419 non
1247 3372 1336 3418 mmen
1348 3362 1407 3418 bec
1425 3363 1527 3418 diemm
1546 3362 1687 3419 alternatio
1700 3378 1748 3435 per
1759 3365 1883 3434 spatium

240 3442 299 3498 sinu
319 3440 372 3497 ullo
395 3439 520 3509 pmtcutiac
542 3451 597 3493 suae
615 3435 792 3501 detrimento,
806 3434 878 3490 solus
890 3434 948 3489 sine
961 3442 1030 3489 tem-
1083 3434 1211 3503 temporis
1234 3434 1408 3501 intelligitur:
1424 3434 1471 3490 sed
1492 3434 1520 3488 in
1533 3433 1576 3489 bis
1594 3449 1706 3505 operum
1720 3434 1881 3491 vicissitudo

240 3526 305 3582 porc
327 3518 437 3568 cunctas
454 3508 590 3581 praecessit
611 3515 745 3563 creaturas
760 3523 766 3560 :
782 3518 814 3559 ac
825 3502 921 3561 dcindc
933 3512 963 3560 ut
977 3502 1030 3559 im·
1081 3502 1242 3560 declaratur.
1264 3504 1329 3561 Post
1342 3519 1457 3573 namque
1474 3504 1592 3561 historias
1605 3514 1726 3561 narrator
1741 3504 1833 3561 divisit
1846 3506 1882 3563 irs

239 3596 358 3638 mensam
381 3580 524 3637 bonitatum
539 3592 571 3633 ac
583 3577 728 3649 potentiam
749 3584 776 3631 ct
796 3574 1027 3641 benevolentiam,
1081 3588 1217 3641 sermone,
1227 3574 1297 3646 quod
1309 3575 1379 3631 licus
1392 3590 1446 3630 non
1455 3574 1545 3631 divisit
1555 3576 1582 3630 in
1597 3575 1686 3646 operis
1697 3576 1879 3647 perfectione.

238 3668 305 3723 quas
328 3652 354 3709 in
373 3668 402 3707 sc
424 3652 483 3707 solo
507 3649 581 3719 prius
602 3647 708 3713 babuit,
730 3646 811 3702 etiam
827 3660 873 3715 per
894 3655 1030 3702 creaturas
1081 3643 1168 3701 Simul
1179 3646 1250 3701 enim
1261 3654 1356 3701 cuncta
1364 3660 1424 3716 quae
1434 3645 1567 3713 condidit,
1582 3646 1651 3701 bens
1660 3647 1763 3701 creavit
1773 3644 1880 3718 (Secti.

238 3723 408 3787 ostcndcrct;
430 3736 464 3777 ex
484 3720 591 3776 inlornti
607 3718 734 3786 materia,
747 3732 826 3787 quam
839 3717 895 3785 ipse
910 3716 983 3785 prius
994 3732 1029 3773 ex
1081 3729 1163 3783 amri,
1178 3715 1224 3786 l),
1245 3716 1308 3771 dum
1326 3731 1381 3771 nna
1398 3717 1533 3771 voluntate
1555 3716 1728 3787 multiplicem
1751 3717 1880 3775 omnium

238 3794 323 3851 nibilo
341 3792 474 3859 condidit,
489 3798 644 3847 cunctamm
659 3786 801 3843 visibilium
815 3796 842 3843 et
857 3786 1029 3843 invisibilium
1081 3786 1230 3856 specierum
1243 3786 1398 3842 varietatem
1412 3787 1469 3842 lucri
1483 3786 1623 3857 disposuit,
1636 3787 1664 3842 in
1674 3801 1726 3859 qua
1735 3787 1880 3845 voluntate

238 3878 343 3928 acrum,
360 3864 411 3919 boc
422 3871 479 3928 cst,
494 3861 658 3919 sensibilium
680 3868 708 3915 ct
727 3858 937 3924 insensibilium,
951 3857 1029 3913 intel-
1081 3872 1134 3913 una
1147 3856 1237 3914 omnia
1251 3857 1329 3912 simul
1342 3858 1400 3913 sine
1413 3868 1532 3927 tempore
1542 3872 1602 3913 esse
1614 3856 1686 3921 lecit,
1701 3873 1761 3928 quae
1769 3858 1805 3913 ab
1814 3859 1881 3929 ipso

238 3935 387 3990 lcctnalitrm
401 3942 429 3989 ot
443 3932 578 3989 intellectu
598 3930 760 3997 carentium,
780 3929 883 4000 species
897 3928 1030 3985 multilor·
1080 3935 1141 3982 ortu
1152 3943 1201 3983 suo
1212 3942 1261 3997 per
1274 3935 1327 3983 tem
1348 3944 1378 3983 us
1391 3927 1546 3997 dispensare
1559 3944 1613 3983 non
1625 3926 1733 3985 desiuit.

237 4018 295 4060 ntes
313 4005 412 4060 divisit.
425 4002 517 4069 Quod,
536 4011 565 4058 ut
581 4001 640 4057 libri
653 3999 791 4057 Geneseos
802 3998 946 4057 auctoritas
962 4014 1029 4053 con-
1080 3994 1193 4055 CAPUT
1212 3998 1245 4055 tl.
1266 4028 1302 4039 -
1320 3942 1360 4053 Be
1379 3998 1567 4054 rationabilium
1584 4008 1733 4054 mtsrmn
1754 3999 1881 4059 ιιιιιιαιιι

238 4074 342 4139 lvvvnat,
356 4088 402 4144 pcc
416 4088 463 4127 scr
475 4072 579 4127 dicrum
596 4071 798 4125 alternationem
811 4070 934 4125 ellectum
947 4070 1029 4125 luisse
1421 4078 1533 4140 peccato.

237 4152 418 4206 monstratum
434 4143 470 4195 ita
483 4151 511 4195 ut
525 4142 551 4197 in
566 4140 609 4197 die
620 4148 695 4195 sexto
705 4148 799 4195 cuncta
810 4153 1027 4205 consummasse,
1116 4138 1145 4193 ln
1157 4138 1208 4195 bac
1219 4154 1284 4211 crgo
1295 4154 1386 4197 rerum
1397 4140 1517 4196 omnium
1527 4138 1681 4196 eoladitiame
1690 4140 1778 4210 primo
1789 4140 1879 4213 spiri·

237 4227 297 4282 quan
307 4212 341 4267 ad
352 4210 542 4267 institutionem
555 4217 583 4265 ct
596 4208 797 4264 instructionem
808 4208 942 4277 pertinent
953 4223 1029 4265 erca-
1081 4209 1160 4264 tualis
1180 4218 1299 4268 creatura
1321 4210 1462 4265 invisibilis
1483 4210 1647 4282 originaliter
1671 4210 1811 4281 prooessit.
1836 4212 1880 4269 Et

236 4290 321 4349 turae,
337 4281 488 4337 lvrvrrissime
501 4279 661 4335 declaretur.
682 4278 727 4333 Sic
744 4279 816 4333 enim
832 4278 977 4335 scribitur:
993 4278 1029 4335 Et
1080 4276 1177 4336 deinde
1193 4295 1228 4335 nc
1240 4280 1311 4363 quod
1322 4281 1435 4337 interius
1447 4290 1522 4345 orat,
1538 4280 1591 4337 boc
1603 4281 1721 4338 exterius
1733 4296 1786 4339 nou
1796 4292 1880 4339 esset

236 4352 417 4409 commiscuerit
429 4350 499 4407 Dens
511 4350 595 4405 annaio
609 4364 686 4419 opero
697 4364 744 4403 sno
759 4349 786 4403 in
800 4348 840 4403 die
852 4360 938 4417 sesto,
951 4358 976 4405 et
986 4350 1029 4405 le·
1080 4348 1108 4404 ln
1123 4350 1170 4405 liei
1182 4352 1324 4421 operibus,
1335 4350 1414 4409 ctiam
1428 4352 1576 4421 corporalis
1588 4360 1617 4407 ct
1626 4351 1736 4409 visibilis
1749 4360 1879 4410 creatura

236 4423 332 4479 nedixit
343 4423 410 4478 client
421 4422 573 4492 septiniano,
589 4418 657 4492 qnod
668 4418 694 4473 in
705 4419 760 4490 ipso
773 4419 890 4488 requievit
903 4420 934 4475 ob
947 4422 1030 4475 omni·
1080 4418 1138 4475 lieri
1152 4423 1234 4491 coepit
1247 4440 1254 4474 :
1267 4423 1294 4477 in
1308 4439 1359 4495 qua
1371 4422 1462 4493 utique
1474 4422 1614 4493 principali
1627 4437 1716 4477 rectam
1730 4423 1878 4478 universa-

147 4550 150 4557 ,
235 4492 281 4549 lus
303 4493 419 4566 operibns
441 4492 493 4547 ruia
516 4490 600 4563 (Gerr.
614 4488 712 4559 usti.
736 4490 839 4559 Exque
861 4489 1026 4561 intelligitur,
1080 4505 1140 4545 rum
1161 4492 1277 4561 generali
1298 4510 1331 4548 ue
1352 4494 1504 4560 divisione,
1526 4491 1593 4549 duas
1614 4494 1776 4557 rationales,
1790 4508 1879 4551 unum

236 4563 321 4620 Deum
334 4565 360 4619 in
371 4562 415 4620 dic
427 4572 503 4619 sexto
516 4563 604 4618 onmia
617 4560 769 4630 pcrlccisse,
784 4567 812 4613 ut
823 4560 851 4615 in
860 4558 904 4615 die
913 4563 1028 4633 septimo
1080 4560 1107 4616 in
1122 4562 1261 4631 spirituali,
1272 4508 1382 4620 alteram
1394 4562 1422 4618 in
1437 4562 1569 4634 corporali
1580 4564 1693 4618 instituit
1704 4572 1809 4619 creator
1821 4578 1878 4619 na-

236 4648 290 4691 non
304 4650 319 4690 a
334 4634 438 4701 labore,
460 4632 508 4689 sed
525 4631 559 4685 ab
577 4646 659 4701 opero
683 4629 804 4687 rideatur
821 4644 950 4689 cessasse.
974 4632 1028 4688 Sed
1081 4639 1173 4696 turas,
1195 4633 1359 4702 Angelorum
1380 4632 1504 4689 videlicet
1522 4643 1550 4689 et
1573 4633 1733 4699 bominum,
1772 4633 1878 4705 uibus,

235 4704 306 4776 quod
327 4705 455 4761 Dontivaus
473 4702 551 4760 lesus
570 4699 669 4758 ludaeis
682 4701 717 4756 de
730 4699 832 4756 sabbati
850 4703 941 4773 requie
954 4718 1027 4774 quae·
1079 4711 1159 4772 prout
1171 4710 1325 4759 naturamnt
1339 4702 1488 4759 moerentia
1499 4705 1616 4774 expetit,
1635 4704 1717 4761 etiam
1728 4704 1762 4760 ba
1781 4704 1878 4760 ilatio·

234 4774 355 4833 rentibus
369 4774 521 4846 respondit,
542 4770 620 4827 Pater
636 4786 707 4828 annas
723 4788 800 4843 nsque
811 4771 886 4827 niodo
897 4781 1025 4855 opnmor,
1079 4786 1143 4827 num
1167 4773 1224 4829 loca
1243 4772 1374 4835 distinxit.
1389 4772 1491 4829 mlum
1503 4790 1617 4846 namque
1628 4774 1757 4846 Angelis,
1771 4782 1878 4833 terram

234 4855 259 4902 et
271 4862 317 4918 ego
331 4862 421 4917 operor
436 4843 525 4918 (loon
540 4860 568 4911 v,
585 4844 647 4914 l'll;
669 4842 743 4898 illum
762 4841 869 4925 quidem
889 4842 934 4899 dte
951 4854 1027 4901 sexto
1078 4841 1232 4898 bominibus
1254 4843 1423 4900 habitandam
1448 4845 1580 4916 prestitit.
1599 4843 1702 4913 Quibus
1724 4845 1876 4914 institutis,

234 4926 329 4975 cuncta
342 4916 487 4986 perfecisse
497 4923 524 4970 ct
535 4914 562 4970 in
575 4914 689 4985 septimo
701 4912 863 4983 requievisse
877 4912 1025 4982 credimus,
1079 4912 1215 4984 utriusque
1229 4924 1331 4970 araturae
1340 4924 1489 4985 mutum,
1500 4916 1661 4986 Angelorum
1673 4915 1773 4972 scilicet
1782 4924 1811 4972 et
1822 4915 1879 4970 bo-

234 4995 262 5043 et
279 5002 364 5058 usque
376 4987 455 5043 modo
467 4985 572 5057 operari
585 4998 638 5039 non
652 4982 812 5041 dubitamus.
835 4982 887 5040 Sed
900 4985 1028 5055 quemad·
1078 4983 1180 5040 minum
1191 4985 1370 5056 consequitur.
1391 4984 1445 5042 Sed
1457 4986 1573 5041 mandati
1587 4986 1833 5069 nanrgressioquae
1844 4986 1880 5043 in

127 5058 132 5065 '
213 5084 216 5091 ·
234 5056 343 5113 modurn
355 5067 416 5113 tuno
424 5069 634 5122 consummasse,
643 5064 670 5111 et
679 5069 749 5109 nunc
757 5054 861 5125 operari
873 5053 944 5111 idem
954 5056 1027 5113 Deus
1078 5053 1231 5112 bominibus
1245 5057 1311 5112 lacn
1326 5064 1400 5124 erat,
1414 5056 1475 5112 libri
1487 5055 1623 5113 Geneseos
1643 5056 1754 5112 bustorra
1776 5072 1879 5112 narra-

234 5127 397 5199 inlclligitnr,
411 5127 533 5183 subtilius
546 5125 727 5198 investigatur.
752 5122 781 5179 ln
798 5124 841 5181 die
860 5126 931 5181 enim
949 5136 1027 5183 serto
1078 5132 1131 5180 tur.
1147 5126 1326 5195 Quaestionem
1335 5141 1401 5183 vero
1410 5142 1464 5183 nou
1476 5126 1614 5183 minimam
1627 5126 1791 5183 intuentibus
1801 5142 1879 5198 prte-

233 5206 381 5265 creaturac,
403 5208 511 5253 naturas
533 5196 661 5277 perfecit,
689 5208 755 5267 quas
776 5194 925 5277 gnbernare
943 5197 1027 5255 etiam
1077 5203 1146 5264 stat,
1160 5212 1212 5269 qua
1225 5212 1305 5254 eausa
1319 5198 1482 5269 Angelomm
1496 5198 1624 5255 delictum
1636 5198 1781 5268 Scripturas
1792 5198 1879 5254 testi-

233 5283 304 5325 nunc
316 5285 369 5325 non
378 5268 486 5325 desinit.
496 5268 531 5325 lit
539 5284 566 5323 ιιι
578 5268 621 5324 die
630 5266 744 5339 septimo
757 5267 888 5337 requievit
899 5267 932 5324 ab
944 5282 1027 5337 opere
1077 5267 1185 5334 moniis,
1195 5268 1309 5339 qualiter
1322 5268 1420 5324 lactum
1432 5278 1489 5338 cst,
1504 5270 1640 5326 reticetur.
1651 5268 1778 5337 Quamvis
1790 5284 1877 5324 nam-

233 5339 390 5409 orcationis,
403 5340 447 5411 qui
460 5352 593 5409 nunquam
607 5346 694 5395 cessat
707 5351 721 5392 a
735 5336 933 5408 gubernationis
954 5338 1026 5411 regi·
1078 5352 1130 5409 que
1140 5338 1190 5394 sub
1199 5353 1313 5410 persona
1323 5338 1475 5411 babylonici
1485 5341 1555 5411 regis
1565 5340 1637 5397 illios
1649 5340 1775 5411 angelicae
1783 5341 1879 5397 ruinas

233 5408 315 5467 nrine.
336 5410 410 5466 'lunc
423 5424 488 5481 ergo
500 5418 614 5475 creator,
629 5423 701 5465 nunc
719 5408 879 5479 gubernator
897 5408 967 5464 licus
981 5410 1025 5465 in·
1076 5409 1158 5465 verba
1169 5424 1217 5479 per
1238 5410 1394 5481 propnetam
1408 5410 1586 5480 declarentur,
1599 5410 1733 5467 dicentem
1748 5428 1755 5465 :
1769 5408 1879 5467 sedebo

232 5480 391 5553 telligendus
412 5490 454 5538 est
474 5498 482 5536 a
504 5494 536 5536 ac
548 5494 596 5551 per
609 5479 659 5535 boc
678 5478 781 5536 etiamsi
800 5478 862 5534 novi
883 5478 981 5551 aliquid
997 5480 1025 5536 in
1076 5480 1104 5535 in
1116 5490 1199 5535 ntonte
1210 5479 1381 5546 Testamenti,
1403 5482 1431 5535 in
1447 5481 1566 5537 imeritus
1577 5481 1703 5553 aquilonis
1715 5483 1878 5537 :ascendum

232 5552 362 5609 creaturis
375 5553 472 5608 exoriri
484 5549 637 5619 videamus,
652 5564 707 5607 non
719 5564 810 5606 creare
820 5550 857 5606 ibi
867 5564 962 5607 novam
977 5566 1026 5606 aa·
1076 5566 1153 5618 super
1164 5552 1324 5607 altitudinem
1338 5552 1441 5606 annum
1451 5594 1459 5618 ,
1471 5561 1494 5607 et
1510 5552 1642 5623 edificabo
1654 5554 1774 5607 tironum
1786 5568 1878 5610 utam

232 5631 335 5691 turam,
352 5622 400 5680 sed
414 5622 561 5694 gubernare
581 5621 644 5677 olim
667 5628 784 5679 creatam
802 5620 873 5676 licus
890 5620 1024 5691 putandus
1076 5621 1111 5675 od
1121 5622 1281 5691 aquilonem,
1295 5633 1320 5678 et
1332 5640 1376 5679 ero
1387 5623 1478 5692 ιιιιιιιιι
1495 5622 1711 5695 Altisairnollaui.
1731 5640 1799 5691 xvv,
1816 5623 1876 5691 13,

232 5702 284 5749 cst.
298 5694 351 5751 Sed
365 5695 402 5750 ita
415 5702 509 5765 potens
526 5701 567 5749 est
586 5692 613 5748 in
633 5692 822 5764 gubernatione
835 5698 964 5747 creaturae
978 5693 1024 5763 qui
1077 5692 1111 5747 lt
1136 5692 1214 5757 ;l1aec
1226 5694 1260 5749 de
1271 5709 1333 5766 ruge
1346 5694 1489 5767 babylonis
1503 5694 1631 5751 bistorica
1645 5695 1812 5765 expositione
1826 5694 1875 5747 la-

231 5764 365 5831 condidit,
379 5773 409 5819 ut
421 5764 502 5820 veluti
521 5774 641 5819 naturam
663 5778 759 5821 novam
780 5776 874 5819 creare
891 5760 1023 5831 videatur,
1075 5762 1109 5818 eil
1122 5765 1173 5819 ime
1184 5774 1294 5834 possum
1307 5766 1429 5836 intelligi,
1441 5766 1492 5821 nisi
1505 5764 1573 5822 lorte
1584 5765 1685 5828 figurali
1697 5764 1873 5835 expositione

221 5846 294 5914 ,cum
307 5834 343 5893 ab
351 5833 449 5893 abditis
462 5834 564 5893 aalma
577 5837 697 5909 sinibus,
712 5836 784 5911 quod
803 5836 830 5893 ιιι
845 5832 1022 5908 ilabebat,
1074 5834 1109 5892 de
1120 5846 1233 5907 corpore
1247 5835 1282 5893 ad
1290 5846 1370 5909 caput
1383 5838 1464 5899 amba
1476 5850 1525 5910 per
1535 5836 1690 5909 allegem
1703 5836 1875 5920 uansiemcq

329 5956 369 5999 A„
438 5958 443 5967 .
